1856 3235
885 204 920 236 V

154 340 315 398 alapsu
335 352 490 382 cavere.
551 335 609 380 Et
625 344 723 380 sunt
741 343 882 378 tamen
901 348 988 375 non
1007 347 1140 389 pauca
1157 333 1202 374 in
1222 332 1292 374 illo
1310 332 1433 385 libro,
1463 349 1558 391 quae
1587 337 1653 380 vel

155 423 322 465 firmare
350 423 480 464 bonas
509 421 717 470 lectiones,
752 419 816 461 vel
847 418 1094 473 conjecturis
1114 416 1340 458 >materiam
1368 418 1566 471 praebere,
1613 427 1655 462 et

156 503 350 559 prodesse
383 503 576 545 Homero
609 501 779 558 possint.
842 500 1053 542 Caeterum
1072 498 1281 540 Volumen
1315 497 1505 549 alterum,
1541 500 1655 555 quod

160 584 389 642 Odysseam
409 584 548 634 habet,
570 583 778 625 diversum
798 589 859 623 est
878 581 931 622 ab
943 596 1014 631 -eo,
1032 581 1076 621 in
1096 595 1179 636 quo
1199 586 1262 620 est
1282 578 1388 620 Ilias.
1450 579 1562 621 Nam
1574 580 1656 622 hoc

159 673 294 708 totum
312 665 526 707 manifeste
543 665 743 720 scriptum
765 671 826 705 est
844 678 928 704 una
948 662 1152 716 Apostoliz‘
1180 675 1324 710 manu3
1354 659 1456 701 illud
1475 675 1562 702 non
1582 675 1657 717 pa-

158 746 270 789 riter.
332 746 444 788 Nam
463 746 565 787 liber
581 746 740 802 primus
760 751 883 795 totus,
906 751 947 785 et
967 743 1136 785 secundi
1166 757 1304 784 versus
1334 744 1483 783 1—27.
1515 743 1658 799 scripti

160 836 256 869 sunt
275 827 358 869 alia
373 827 591 869 recentiori
611 841 738 868 manu
757 826 812 868 ad
831 824 1086 881 explendum
1105 839 1210 880 opus
1229 823 1435 865 mutilum.
1498 824 1660 868 Rursus

99 890 103 893 ῃ
159 910 304 952 eadem
323 910 394 951 illa
413 925 560 951 manus
580 909 742 964 scripsit
756 908 800 949 in
815 910 854 954 η’.
876 923 901 948 a
920 922 957 948 v.
980 910 1077 947 240.
1098 905 1252 961 reliqua
1269 905 1375 946 illius
1406 905 1517 957 libri,
1539 907 1659 949 initio

161 991 269 1033 facto
289 991 333 1032 in
363 991 499 1032 media
527 991 693 1048 pagina,
727 990 772 1030 in
798 1004 882 1045 qua
910 988 1060 1029 desinit
1089 988 1291 1041 Apostoliz‘
1318 1001 1478 1028 manus.
1539 989 1590 1030 In
1610 993 1658 1032 θ’.

162 1087 290 1128 porro
309 1080 370 1114 est
384 1072 534 1115 lacuna
553 1087 578 1113 a
597 1087 634 1113 v.
659 1072 754 1112 557.
785 1070 858 1112 sed
878 1070 1005 1111 modo
1025 1070 1069 1110 in
1096 1069 1254 1119 charta,
1277 1068 1455 1110 duarum
1487 1071 1661 1127 pagina-

161 1168 267 1196 rum.
328 1155 440 1196 Nam
459 1161 552 1209 post
570 1153 644 1195 has
664 1152 847 1208 sequitur
866 1166 904 1193 v,
927 1156 1023 1192 558.
1044 1158 1085 1193 et
1103 1151 1147 1192 in
1167 1150 1251 1192 fine
1270 1152 1518 1207 paginarum
1532 1153 1661 1208 scrip-

162 1237 213 1279 sit
231 1253 305 1279 sua
324 1252 452 1279 manu
473 1236 623 1292 Odyss.
645 1240 763 1281 λείπει,
783 1234 898 1290 quod
919 1234 1111 1275 lacunam
1131 1233 1266 1288 operis
1276 1233 1456 1284 indicat,
1479 1249 1573 1290 quae
1592 1234 1662 1276 hic

164 1319 275 1360 nulla
295 1327 366 1360 est.
428 1319 479 1359 In
500 1317 760 1374 sequentibus
781 1317 958 1372 denique
977 1316 1092 1357 libris
1125 1316 1279 1371 passim
1299 1316 1452 1357 inserta
1485 1325 1580 1359 sunt
1600 1319 1665 1360 vel

165 1399 328 1457 singula
347 1399 411 1441 vel
430 1399 549 1455 plura
568 1399 676 1449 folia,
708 1399 787 1441 alia
818 1398 1040 1454 antiquiori
1071 1406 1112 1439 et
1145 1398 1308 1439 meliori
1342 1413 1468 1440 manu
1491 1399 1660 1455 scripta:

165 1495 272 1536 quae,
295 1481 392 1535 quia
411 1479 464 1520 ad
477 1480 681 1534 judicium
703 1479 1010 1533 Excerptorum
1030 1487 1219 1533 prosunt,
1253 1479 1541 1521 indicabimus:
1576 1480 1660 1523 Od.

165 1564 211 1602 λ’.
238 1561 475 1600 147—204.
497 1566 542 1600 et
564 1559 659 1599 567.
677 1560 729 1612 μ’.
753 1563 822 1599 43.
844 1557 879 1595 ν’.
903 1560 1114 1599 59—170.
1149 1559 1233 1600 Sed
1253 1560 1296 1601 in
1318 1559 1508 1602 hocloco
1524 1563 1663 1604 omissi

165 1650 261 1683 sunt
280 1656 306 1682 a
323 1640 458 1682 scriba
476 1640 546 1681 illo
566 1655 705 1682 versus
725 1640 878 1695 plures,
892 1655 918 1681 a
931 1655 969 1681 v.
992 1641 1203 1682 78—128.
1226 1642 1297 1697 qui
1315 1657 1444 1685 manu
1456 1646 1658 1688 recentio-

163 1722 213 1772 ri,
235 1722 349 1778 cujus
369 1729 464 1763 sunt
483 1722 600 1763 initia
620 1722 767 1777 operis,
790 1723 834 1762 in
855 1722 1042 1779 margine
1063 1723 1203 1778 scripti
1224 1732 1331 1773 sunt,
1369 1740 1395 1765 a
1424 1739 1507 1781 quo
1538 1727 1663 1769 etiam

165 1802 311 1845 lacuna
326 1803 369 1844 in
383 1804 423 1851 ξ’.
436 1818 461 1844 a
481 1807 717 1844 142—192.
732 1804 898 1859 expleta
912 1812 984 1845 est.
1008 1804 1060 1845 In
1077 1808 1112 1847 0¹.
1129 1805 1181 1846 ab
1203 1809 1439 1847 196—316.
1457 1810 1506 1849 π’,
1529 1810 1662 1859 1-φ’.

169 1889 261 1926 145.
296 1892 357 1926 est
387 1899 528 1926 rursus
562 1884 775 1940 pulchrior
804 1885 874 1927 issa
907 1901 1071 1928 manus:
1117 1887 1277 1943 reliqua
1311 1896 1406 1930 sunt
1447 1889 1662 1943 Apostolii.

161 1966 302 2022 Atque
321 1966 446 2007 etiam
465 1967 510 2007 in
531 1967 664 2022 capite
685 1967 920 2009 Voluminis
941 1976 1036 2010 sunt
1066 1968 1165 2010 folia
1185 1970 1378 2026 quaedam
1399 1971 1583 2026 ejusdem
1612 1973 1663 2014 il-

161 2047 240 2090 lius
259 2047 505 2104 pulchrioris
525 2049 753 2104 scripturae,
777 2051 892 2105 cujus
913 2050 1038 2091 etiam
1058 2051 1213 2093 chartae
1234 2059 1329 2093 sunt
1348 2051 1554 2104 meliores,
1571 2068 1666 2110 quae

162 2128 321 2172 habent
338 2129 477 2171 locum
500 2129 583 2172 Od.
605 2134 648 2174 τ’.
670 2147 695 2172 a
714 2145 834 2172 versu
859 2134 1040 2175 192—0'.
1062 2137 1130 2173 62.

222 2209 321 2252 Ilias
340 2224 467 2265 porro
487 2210 640 2267 scripta
660 2220 720 2253 est
739 2211 952 2254 latioribus
973 2227 1136 2255 versum
1156 2214 1392 2266 intervallis,
1425 2216 1479 2257 ad
1500 2216 1665 2272 capien-

162 2293 237 2335 das
257 2292 424 2350 glossaS,
456 2308 549 2349 quae
569 2294 697 2336 rubro
732 2295 892 2351 liquore
921 2297 1056 2338 verbis
1076 2300 1352 2354 superscripta
1383 2308 1492 2340 sunt:
1527 2299 1665 2355 Odys-

165 2374 559 2432 seaangustioribus
589 2376 742 2431 spatiis,
777 2385 818 2419 et
853 2378 939 2420 sine
973 2379 1128 2436 glossis.
1191 2381 1242 2422 In
1263 2381 1342 2422 illis
1360 2390 1500 2423 autem
1521 2381 1666 2439 glossis

163 2472 251 2500 non
288 2456 417 2498 modo
451 2465 546 2498 sunt
584 2457 942 2514 interpretationes
976 2461 1210 2512 verborum,
1262 2477 1438 2518 quarum
1476 2463 1667 2518 exempla

162 2538 355 2597 quaedam
395 2541 821 2591 commemoravimus,
853 2556 947 2598 quae
982 2542 1046 2584 vel
1078 2543 1132 2584 ad
1167 2543 1479 2601 intelligendum
1514 2544 1577 2585 vel
1609 2544 1667 2585 ad

159 2623 434 2681 judicandum
454 2623 611 2680 aliquid
630 2624 765 2666 valere
785 2640 903 2680 posse
932 2626 1192 2678 videbantur,
1226 2628 1296 2669 sed
1317 2629 1439 2670 etiam
1461 2629 1665 2684 ellipsium

165 2705 462 2762 supplementa,
493 2707 675 2763 itemque
707 2707 986 2758 articulorum,
1023 2716 1063 2750 et
1097 2709 1315 2751 nominum
1345 2711 1610 2766 propriorum
1642 2726 1667 2751 a

165 2788 456 2830 communibus
476 2802 550 2844 per
570 2789 741 2831 lineolas
761 2789 1028 2845 superductas
1048 2790 1342 2833 distinctiones,

221 2869 418 2913 Notabile
438 2878 498 2915 est
517 2872 642 2915 etiam
662 2872 884 2915 discrimen
906 2873 1132 2930 scripturae,
1156 2874 1339 2930 primum
1358 2875 1402 2917 in
1422 2875 1518 2925 hoc,
1550 2872 1663 2930 quod

221 2957 310 2995 von.
337 2958 378 2992 V·
892 2961 915 2995 b
