1856 3235
575 192 1132 243 PROLEGOMENA.
1448 181 1454 186 “
1535 203 1625 242 183

136 329 216 377 dia
250 334 418 392 postea
454 325 673 372 historici
713 332 763 372 et
795 324 1068 372 literatores
1103 339 1205 370 non
1240 325 1426 388 aequius
1451 325 1624 375 tollere

136 411 187 442 se
222 409 361 457 posse
383 397 633 454 putarunt,
671 406 816 453 quam
842 391 879 437 si
905 406 1011 437 eam
1034 389 1236 453 gloriam
1264 391 1646 452 quodammodo*

134 459 429 523 partirentur
451 456 580 502 inter
615 471 797 502 omnes.
868 455 929 502 In
954 471 1051 518 quo
1078 471 1231 502 unum
1261 455 1377 501 mihi
1413 458 1626 506 maxime

136 524 339 587 dignum
363 529 535 568 notatu
563 520 772 577 videtur,
810 521 943 584 quod
982 520 1240 584 Euripides
1282 528 1387 567 toto
1424 521 1627 570 invento

135 589 196 636 ad
229 586 536 634 Palamedem
571 586 910 634 transferendo
949 586 1198 634 communi
1229 585 1422 649 judicio
1465 587 1626 635 Attici

133 653 311 702 theatri
333 652 599 699 insolenter
631 651 873 708 illusisset,
911 652 949 699 si
982 651 1084 715 jam
1108 659 1215 698 tum
1258 651 1319 698 de
1355 651 1630 715 antiquiore

136 718 273 767 cultu
298 718 412 765 artis
438 726 488 765 et
513 717 687 765 Cadmi
711 733 912 765 munere
949 717 1261 764 constitisset.
1330 717 1508 780 Neque
1535 718 1629 766 Eu-

135 783 316 847 ripides
344 779 467 830 illud
500 782 663 830 facere
697 783 860 846 potuit
895 782 1104 846 primus3
1143 799 1235 830 nec
1273 782 1525 845 fingebant
1563 784 1632 831 ita

137 849 352 913 Tragici.
435 848 546 898 Jam
588 864 703 895 vero
745 849 783 895 si
830 849 1108 896 obliteratas
1148 849 1262 895 istas
1305 847 1490 896 fabulas
1518 848 1632 912 jure

137 915 200 963 ad
221 919 390 979 poetas
426 922 649 962 auctores
690 913 950 977 rejicimus,
989 913 1168 977 ecquid
1205 914 1422 961 accurati
1454 913 1632 978 judicii

139 988 228 1036 est,
264 980 350 1027 uni
391 996 571 1036 earum,
610 996 670 1027 ex
695 979 867 1026 iisdem
891 978 1108 1026 fontibus
1151 979 1328 1036 ductae,
1365 979 1478 1027 ideo
1521 981 1634 1044 quia

143 1046 331 1094 caeteris
370 1045 658 1094 celebratior
683 1054 771 1101 est,
809 1045 1038 1093 addicere
1065 1044 1439 1092 credulitatem?

207 1111 280 1159 At
313 1127 546 1176 magnum
587 1119 838 1158 auctorem
863 1110 1010 1159 habet
1039 1127 1217 1158 munus
1259 1111 1433 1159 Cadmi
1477 1111 1635 1160 Hero-

139 1177 325 1225 dotum.
396 1177 582 1236 Video3
622 1185 672 1224 et
695 1177 842 1224 alium
868 1177 1043 1224 addam
1066 1193 1166 1223 non
1208 1176 1461 1234 minorem,
1500 1186 1634 1226 certe

141 1243 304 1307 paullo
342 1243 687 1306 antiquiorem:
747 1259 841 1290 nec
886 1251 1146 1306 propterea
1184 1242 1353 1290 desino
1395 1243 1633 1301 dubitare,

140 1325 260 1356 num
282 1308 885 1373 magnam'auctoritatem
925 1308 1029 1372 ipsa
1064 1307 1229 1356 fabula
1269 1325 1354 1356 seu
1390 1308 1519 1356 fama
1554 1310 1636 1357 ha-

136 1375 266 1423 beat.
336 1375 466 1422 Nam
491 1374 802 1422 temerarium
826 1382 962 1437 puto,
1000 1374 1050 1420 in
1076 1382 1212 1421 tanta
1245 1383 1502 1421 auctorum
1544 1376 1637 1423 dis-

139 1441 380 1497 sensione,
418 1441 504 1487 uni
545 1447 630 1487 aut
669 1439 838 1504 paucis
879 1440 1114 1496 assentiri,
1167 1440 1437 1503 praesertim
1477 1441 1527 1487 in
1566 1457 1634 1499 re,

140 1523 249 1570 quae
274 1522 425 1570 quum
448 1505 598 1569 vulgo
633 1514 768 1554 recte
810 1505 1126 1553 Phoenicibus
1168 1514 1373 1569 accepta
1408 1505 1633 1564 ferretur,

139 1572 370 1620 facillime
408 1588 436 1619 a
477 1571 729 1627 Phoenice,
782 1570 1058 1618 clarissimae
1098 1571 1149 1616 in
1192 1570 1389 1618 Graecia
1431 1572 1637 1620 coloniae

143 1637 412 1694 conditore,
455 1653 636 1684 nomen
678 1636 910 1700 adoptare
949 1636 1181 1699 potuerit.
1253 1636 1398 1684 Alter
1440 1638 1638 1700 quidem

143 1712 400 1751 auctorum
422 1703 618 1750 illorum
643 1703 912 1766 Dionysius
938 1701 1163 1750 Milesius
1188 1710 1276 1758 est,
1315 1703 1522 1766 scriptor
1545 1704 1639 1751 his-

140 1769 278 1817 toriae
302 1769 586 1835 mythicae².
657 1769 773 1816 Non
797 1768 849 1815 id
891 1767 1052 1824 affero,
1091 1768 1224 1831 quod
1265 1785 1378 1816 eum
1417 1785 1640 1833 spernam

139 1843 339 1900 propter
363 1835 490 1882 hanc
514 1835 766 1882 materiem
795 1834 1064 1881 scribendi:
1103 1851 1264 1897 neque
1307 1834 1430 1882 adeo
1469 1839 1640 1899 poetas

143 1918 332 1965 sperno,
373 1917 433 1949 ex
475 1901 651 1965 quibus
691 1901 730 1947 is
768 1908 901 1948 totus
940 1899 1210 1964 pendebat:
1261 1908 1477 1948 attamen
1517 1901 1641 1950 illud

143 1978 244 2014 'non
285 1983 526 2030 assequor,
583 1983 670 2014 cur
711 1983 737 2013 a
778 1966 932 2022 nobis,
970 1965 1243 2022 veritatem,
1281 1982 1379 2012 non
1419 1967 1640 2015 Φοινικικὰ

146 2033 312 2092 ψεὺδηῑ)
348 2032 694 2096 quaerentibus,
731 2032 782 2078 in
820 2031 915 2078 hoc
951 2047 1133 2094 genere
1156 2031 1450 2095 locupletior
1486 2035 1638 2090 testis,

147 2114 292 2161 quam
329 2098 380 2144 in
406 2098 608 2154 caeteris,
648 2114 757 2161 quae
794 2098 1022 2153 narravit,
1073 2097 1238 2144 haberi
1279 2097 1471 2145 debeat.
1543 2099 1640 2147 Sed

145 2163 311 2211 locum
348 2163 450 2227 ejus
492 2164 630 2211 nobis
679 2163 927 2210 Diodorus
977 2163 1266 2220 transmisit3
1325 2162 1640 2212 Herodotum

145 2229 306 2293 ipsum
341 2228 563 2293 legimus.
636 2229 899 2276 Enimvero
937 2228 1018 2276 hic
1041 2228 1144 2277 veri
1169 2228 1524 2278 amantissimus
1560 2248 1641 2295 pa-

144 2372 230 2403 Nam
246 2371 285 2403 de
300 2382 394 2404 sensu
410 2374 523 2404 horum
550 2383 705 2409 versuum,
730 2373 806 2404 item
829 2372 868 2403 de
887 2373 1031 2414 AEschyli
1055 2373 1126 2404 loco
1152 2374 1260 2405 Prom.
1286 2376 1371 2412 459„
1392 2374 1639 2407 dissentiendum

145 2414 253 2455 putavi
267 2417 307 2446 ab
323 2416 470 2454 opinione
489 2417 723 2447 Hemsterhusii
739 2416 779 2447 ad
794 2417 925 2447 Lucian.
948 2417 987 2447 T.
1005 2417 1032 2447 1.
1048 2427 1076 2456 p.
1093 2420 1142 2448 88.
1166 2418 1328 2456 po‘e‘tarum
1352 2428 1529 2448 sermonem
1546 2419 1640 2449 nimi-

146 2468 204 2489 um
220 2459 398 2498 prementis.
446 2459 585 2494 Accedit,
609 2459 692 2500 quod
714 2469 772 2489 nec
794 2459 924 2490 Tacitus
938 2460 1122 2500 gravissimo
1137 2460 1206 2490 loco
1224 2464 1310 2490 Ann.
1339 2461 1401 2491 XI.
1422 2465 1476 2497 14„
1494 2472 1552 2492 nec
1571 2463 1640 2503 Hy-

145 2501 249 2542 ginus,
273 2512 330 2533 nec
361 2502 423 2532 Dio
442 2502 693 2542 Chrysostomus.
717 2501 881 2533 Palamedi
907 2503 1041 2533 eandem
1066 2502 1282 2533 inventionem
1310 2503 1490 2540 tribuentes,
1515 2515 1553 2535 ex
1576 2516 1641 2536 uno

147 2543 300 2584 Euripide
328 2544 361 2575 id
385 2545 552 2585 sumpsisse
576 2544 673 2576 videri
696 2552 835 2584 possunt.
889 2545 1013 2576 Omitto
1040 2545 1275 2577 Declamatores
1296 2546 1374 2577 duos
1397 2547 1429 2577 in
1459 2548 1559 2578 Oratt.
1587 2549 1641 2578 Gr.

149 2582 255 2618 Reisk.
278 2587 318 2618 T.
345 2588 449 2618 VIII.
466 2599 494 2627 p.
511 2592 561 2619 74.
577 2595 608 2618 ct
626 2591 703 2624 118„
727 2587 783 2618 etsi
800 2588 846 2618 illi
862 2588 1008 2629 antiquos
1029 2598 1171 2619 rumores
1193 2589 1227 2619 in
1249 2590 1443 2630 argumentis
1464 2591 1530 2620 suis
1544 2593 1642 2621 secuti

149 2637 231 2660 sunt.
276 2631 329 2661 Ab
344 2631 393 2661 his
407 2632 553 2662 omnibus
567 2630 754 2662 Palamedes
776 2641 841 2661 non
858 2641 1028 2671 paucarum
1042 2631 1241 2674 quarundam
1255 2632 1425 2670 literarum,
1450 2633 1502 2664 sed
1519 2634 1642 2664 univer-

148 2672 172 2702 si
189 2672 306 2703 inventi
323 2680 430 2704 auctor
445 2675 634 2714 perhibetur.

191 2726 210 2746 a
235 2716 275 2746 ln
290 2726 407 2757 magno
421 2727 522 2756 opere,
549 2718 664 2757 Κύκλῳ,
688 2717 779 2759 cujus
794 2716 855 2748 loci
869 2728 950 2758 saepe
972 2717 1143 2750 laudantur
1157 2729 1176 2749 a
1192 2719 1417 2750 Grammaticis
1426 2732 1435 2757 ;
1459 2719 1491 2755 is,
1515 2728 1577 2759 quo
1592 2718 1643 2749 hic

151 2758 278 2795 utimur,
291 2769 311 2789 a
326 2759 466 2791 Diodoro
485 2761 545 2792 Sic.
562 2761 630 2791 111.
646 2765 697 2792 66.

149 2802 210 2874 rbb
233 2802 366 2834 Locutio
381 2804 580 2844 proverbialis
594 2810 639 2836 est
654 2803 739 2845 apud
754 2804 900 2838 Eustath.
924 2804 964 2836 ad
988 2805 1099 2846 Odyss.
1115 2816 1143 2846 p.
1162 2808 1254 2838 1757,
1278 2805 1316 2837 de
1331 2805 1419 2836 miris
1434 2810 1464 2835 et
1479 2804 1645 2836 incredibi-

160 2855 170 2875 ι
195 2855 238 2877 us.
