1856 3235
509 209 715 252 RERUM
741 208 1217 251 MEMORABILIUM.
1593 210 1616 251 7

123 340 188 373 Ino,
200 338 303 369 Cadmi
320 336 392 372 filia,
415 334 551 376 Ulyssem
562 334 729 368 miseratur,
751 333 807 363 Od.
826 346 846 363 s.

163 379 230 408 336.
243 378 348 407 vittam
357 376 385 405 ei
397 375 449 405 dat
460 377 526 404 351.
542 373 646 403 vittam
659 372 766 412 recipit
777 372 846 402 461.

124 418 245 456 Inopus,
259 416 373 450 fluvius,
388 414 498 454 Hymn-
514 416 540 442 1.
552 412 584 441 111
594 412 692 452 Apoll.
710 415 756 441 18.

125 457 265 502 Iopaeana
275 452 404 494 Apollini
417 455 526 482 canunt
545 451 659 486 Cretes,
686 451 797 491 Hymn.
820 453 846 479 1.

162 507 194 526 111
204 494 302 534 Apoll.
316 496 380 523 500.
394 495 461 524 517.

123 534 269 575 Iphiclus,
283 531 338 561 Od.
352 540 378 561 λ.
391 533 457 562 289.
471 533 538 562 295.

124 572 305 613 Ῑρ11111101103,
320 569 375 599 od.
390 578 415 598 λ.
429 572 497 598 304.

126 612 247 653 Iphitus
257 608 427 648 Eurytides,
449 606 551 647 Ulyssi
563 606 616 637 dat
625 616 734 642 arcum,
748 605 805 636 od.
821 616 846 643 φ.

164 655 210 681 13.
224 653 270 679 31.
283 657 373 686 equas
387 645 512 676 amissas
525 646 642 685 quaerit,
657 650 704 677 22.
717 645 756 676 ab
768 645 848 676 Her-

162 689 226 719 cule
238 685 422 720 interficitur,
438 689 486 718 27.
502 689 550 715 34.

126 728 143 758 1
164 727 288 760 hthima,
302 724 362 754 filia
376 724 462 759 Icari,
474 724 530 754 Od.
545 728 568 754 δ.
584 728 649 758 797.

164 767 171 773 “
189 789 197 801 ,
213 765 301 804 Hym.
319 768 343 793 1.
357 763 388 792 in
401 763 500 803 Apoll.
517 767 583 793 102.
599 767 663 795 107.
704 762 762 793 Iris
772 761 848 792 Tro-

155 806 245 846 janos
259 802 367 832 armari
384 800 480 842 jubet,
506 802 542 831 ll.
565 808 593 837 β.
615 806 681 835 790.
723 801 849 830 Helenae

159 841 281 873 nunciat
300 845 448 870 certamen
471 840 588 871 Paridis
612 845 644 869 et
665 839 799 870 Menelai
819 855 847 875 γ.

161 885 226 912 121.
266 879 414 910 Achillem
432 880 520 920 jubet
542 889 711 909 succurrere
733 878 848 919 corpori

158 919 291 950 Patrocli
304 932 330 950 a.
347 920 411 952 167.
432 923 537 949 ventos
556 919 682 949 arcessit
704 918 744 948 ad
756 917 848 958 inspi-

158 959 281 989 randum
294 968 367 998 rogo
382 958 522 993 Patrocli,
536 963 572 995 ψ.
589 961 653 990 198.

121 997 190 1030 Irus
203 997 363 1032 mendicus,
382 997 500 1037 Ulyssis
511 997 628 1027 domurn
641 996 770 1032 advenit,
791 996 848 1026 od.

159 1050 186 1068 0'·
212 1041 238 1066 1.
261 1036 398 1076 Ulyssem
406 1036 516 1076 jurgiis
538 1035 670 1071 incessit,
697 1040 742 1066 10.
767 1039 799 1065 et
818 1035 849 1064 in

158 1080 308 1106 certamen
326 1080 475 1115 provocat,
497 1079 544 1105 25.
559 1085 578 1104 a
590 1074 708 1104 famulis
721 1074 850 1115 accingi-

159 1124 219 1149 tur,
242 1118 288 1147 75.
312 1118 460 1143 certamen
479 1114 605 1144 initurus
619 1113 729 1147 tremit,
745 1116 791 1147 76.
811 1114 849 1143 ab

159 1153 293 1197 Antinoo
306 1152 489 1193 objurgatur,
513 1157 558 1186 77.
580 1164 646 1182 cum
660 1153 769 1197 Ulysse
782 1163 851 1183 con-

160 1191 303 1233 greditur,
319 1195 365 1221 88.
387 1192 500 1221 cervice
524 1192 610 1226 ictus,
632 1193 714 1221 11111111
731 1191 850 1227 decidit,

163 1236 210 1265 97.
223 1231 260 1260 ab
275 1230 315 1260 Ul
335 1241 384 1261 sse
395 1231 476 1261 foras
488 1231 626 1266 trahitur,
643 1235 706 1261 100.

124 1271 268 1306 Ismarus,
284 1280 319 1300 ur
338 1280 366 1306 s,
380 1270 419 1300 ab
432 1270 542 1310 Ulysse
554 1270 741 1310 depopulata,
756 1269 812 1299 Od.
834 1284 852 1300 ι.

125 1349 241 1383 Ithaca,
257 1347 362 1384 insula,
376 1348 431 1378 Od.
454 1363 482 1384 y.
506 1352 552 1378 81.
577 1348 674 1388 capris
697 1348 852 1388 pascendis

125 1388 496 1462 Ῑὶζέοῖὲᾗςδεεῗοῧ.ἒῗρε61332.
504 1392 589 1466 ..pat
599 1392 772 1456 hiekrssf‘ectos
785 1436 853 1465 pro-

163 1475 215 1496 cos
238 1475 269 1495 111
291 1475 459 1495 concionem
481 1470 710 1505 congregantur,
736 1465 792 1494 od.
824 1480 851 1494 ω.

161 1508 230 1537 419.
255 1504 361 1534 armati
384 1505 456 1533 urbe
477 1504 676 1544 egrediuntur,
700 1506 766 1537 467.
787 1514 853 1533 cum

164 1543 282 1588 Ulysse,
298 1543 484 1578 Telemacho,
511 1548 569 1573 etc.
590 1543 762 1583 confligunt,
786 1547 852 1573 525.

161 1582 314 1613 Mmervae
327 1582 439 1612 monitu
452 1582 610 1618 desistunt,
625 1586 692 1612 533.
714 1587 745 1612 et
759 1582 788 1612 in
806 1593 852 1611 ur-

162 1621 229 1651 bem
240 1625 435 1656 revertuntur,
448 1625 514 1651 535.

125 1659 234 1700 Itylus,
248 1659 305 1689 Od.
319 1675 344 1690 τ.
359 1665 426 1690 522.
437 1671 456 1689 a
467 1664 561 1690 matre
574 1659 758 1695 interficitur,
773 1664 839 1690 523.

125 1699 265 1728 Juniores
280 1709 394 1738 semper
407 1699 565 1743 desipiunt,
579 1699 635 1729 Od.
650 1714 674 1732 η.
688 1703 755 1732 294.

125 1738 145 1768 J
148 1748 205 1768 uno
219 1738 387 1767 Minervam
400 1738 494 1767 mitut
506 1738 546 1768 ad
558 1738 722 1768 discessum
736 1739 853 1767 Graeco-

162 1787 226 1806 rum
244 1776 464 1816 prohibendum,
479 1777 515 1806 Il.
537 1783 564 1813 β.
588 1779 653 1807 156.
667 1783 699 1807 et
713 1777 853 1807 Minerva

163 1815 344 1855 adpraelium
367 1826 400 1846 se
422 1820 538 1856 parant,
562 1830 582 1847 ε.
601 1821 667 1849 714.
692 1821 725 1847 2.
745 1820 813 1846 350.
833 1827 853 1845 a

162 1855 239 1884 Jove
252 1865 272 1894 p
293 1855 404 1885 ‹rnandi
426 1855 541 1884 veniam
564 1860 678 1896 petunt,
694 1869 713 1886 ε.
732 1860 798 1888 757.
818 1859 853 1885 ut

162 1893 269 1923 Jovem
303 1894 410 1934 ecipiat
433 1893 561 1934 seipsam
587 1894 686 1929 comit,
699 1900 722 1930 ξ.
748 1896 813 1924 163.
834 1904 854 1923 a

162 1932 284 1962 Venere
297 1933 445 1973 cingulum
458 1933 554 1972 poscit
566 1933 606 1963 ad
616 1934 724 1963 Jovem
744 1933 854 1973 decipi-

163 1971 280 2006 endum,
296 1975 360 2001 188.
377 1972 514 2002 Somnum
531 1972 595 2002 adit
606 1977 641 2002 ut
653 1972 760 2002 Jovem
773 1983 807 2002 so
828 1972 852 2001 i-

163 2014 205 2045 at,
222 2014 289 2040 233.
303 2014 334 2039 et
347 2011 498 2050 promissis
512 2011 679 2051 persuadet,
690 2016 759 2045 270.
820 2022 853 2041 o-

163 2059 229 2078 vem
248 2049 320 2083 adit,
334 2054 400 2082 292.
415 2054 506 2094 negat
517 2061 572 2080 suo
592 2050 631 2080 im
653 2050 720 2081 ulsu
734 2050 853 2090 Neptu-

163 2098 233 2117 num
246 2088 351 2118 adesse
364 2089 485 2124 Graecis,
500 2103 520 2119 o.
534 2094 581 2119 34.
596 2100 627 2119 re
670 2100 724 2120 uos
736 2089 807 2119 deos
821 2100 854 2119 a-

164 2126 218 2161 dit,
234 2131 280 2156 80.
320 2127 454 2168 Apollini
467 2133 499 2158 et
518 2128 592 2158 Iridi
614 2129 701 2159 Jovis
715 2128 855 2159 mandata

163 2165 268 2201 refert,
284 2170 348 2199 145.
368 2171 491 2197 caeteros
510 2167 580 2198 deos
593 2167 634 2197 all
674 2168 754 2198 uitur
765 2178 855 2208 super

163 2204 261 2235 AEnea
281 2215 476 2246 cong-ressuro
498 2217 563 2236 cum
586 2208 654 2237 Ach
688 2218 714 2243 e,
738 2222 760 2237 υ.
789 2211 854 2237 113.

165 2243 333 2274 Vulcanum
347 2245 439 2275 mittit
452 2245 481 2275 in
496 2246 663 2281 Xanthum,
674 2258 699 2283 φ.
714 2250 780 2276 328.
802 2246 857 2276 Di-

163 2292 252 2327 anam
265 2283 366 2319 vincit,
379 2288 446 2314 480.
467 2284 595 2315 Latonae
609 2285 729 2320 invidet,
743 2286 855 2326 Hymn.

167 2326 193 2352 1.
208 2331 238 2351 1n
252 2322 350 2362 Apoll.
365 2328 411 2356 99.
451 2323 521 2353 Jovi
535 2324 684 2360 irascitur,
705 2329 773 2358 309.
787 2328 854 2354 331.

163 2364 274 2390 terram
287 2361 366 2397 ferit,
379 2366 445 2392 333.
460 2367 526 2393 340.
567 2363 734 2403 Typhaona
745 2363 858 2404 excipit

165 2402 232 2430 353.
273 2401 428 2431 Dracaenae
441 2411 507 2431 eum
518 2402 582 2438 dat,
595 2406 662 2432 354.

127 2437 147 2469 J
150 2438 254 2469 unonis
269 2449 334 2469 cum
347 2441 424 2471 Jove
432 2440 573 2481 jurgium,
594 2441 631 2470 11.
645 2456 674 2472 a.
689 2446 755 2472 540.
770 2446 794 2472 δ.
808 2447 857 2473 25.

166 2478 257 2508 verba
268 2478 308 2508 ad
322 2479 371 2509 Ne
392 2484 504 2515 tunum,
520 2484 552 2510 S».
569 2484 634 2512 198.

127 2516 254 2557 Jupiter,
268 2522 354 2557 pater
388 2519 573 2558 ominumque
587 2519 786 2559 Deorumque‚
800 2519 857 2550 od.

168 2570 197 2586 a.
211 2560 258 2587 28.
271 2571 304 2595 μ.
319 2561 386 2587 445.
401 2557 431 2587 111
444 2557 563 2588 deorum
578 2558 701 2588 concilio
716 2560 806 2590 verba
815 2559 858 2589 fa-

165 2595 220 2629 cit,
241 2609 270 2626 ι.
290 2600 337 2626 32.
380 2596 481 2636 Ulyssi
500 2597 626 2627 reditum
665 2602 740 2632 arat,
766 2601 812 2631 76.
825 2603 858 2628 et

166 2633 236 2663 boni
249 2638 280 2664 et
292 2634 361 2664 mali
373 2635 471 2670 dator,
493 2640 517 2666 δ.
534 2640 600 2669 237.
661 2638 805 2668 ercurium
820 2637 858 2668 ad

165 2672 221 2702 Cal
262 2683 296 2703 so
308 2673 409 2709 mittit,
435 2688 453 2705 ι.
476 2679 522 2708 29.
544 2674 716 2705 felicitatem
737 2676 858 2706 homini-

166 2683 394 2756 bpsytl’istribuit,
416 2719 503 2753 prout
525 2714 600 2750 vult,
624 2718 646 2749 ζ.
665 2719 728 2745 188.
770 2715 858 2755 Ulys-

167 2760 213 2780 sis
232 2761 335 2781 navem
358 2751 478 2782 fulmine
503 2753 583 2787 serit,
611 2769 635 2787 r„
657 2758 724 2784 250.
741 2769 773 2792 μ..
791 2759 858 2785 415.

168 2789 334 2834 supplicum
348 2796 379 2821 et
391 2792 539 2834 hospitum
554 2792 671 2826 vindex,
685 2808 702 2822 ι.
717 2797 784 2827 270.
820 2795 860 2823 Ε-

168 2838 294 2873 pigram.
315 2829 447 2875 inscript.
489 2835 512 2850 ‘⁶
526 2831 575 2861 Ad
599 2831 741 2863 Nautas''
756 2843 815 2862 ver.
831 2838 859 2862 4.

167 2876 284 2909 iniquos
298 2873 390 2909 pumt.
416 2885 436 2900 r.
456 2874 523 2902 214.
565 2871 697 2902 Deorum
717 2881 860 2909 summus,

931 348 956 364 τ.
970 336 1037 363 303.
1059 332 1161 371 Ulyssi
1175 331 1292 371 signum
1305 329 1358 360 dat
1369 328 1491 364 tonitru,
1510 342 1537 364 v,
1554 331 1619 359 103.

931 383 956 410 φ.
970 375 1036 401 413.
1051 386 1077 400 ω.
1102 374 1169 400 538.
1189 370 1266 399 inter
1284 370 1422 409 Ulyssem
1435 373 1466 398 et
1480 369 1620 398 Ithacen-

931 420 980 441 ses
993 420 1095 450 pacem
1115 413 1147 438 et
1163 408 1275 438 soedera
1294 407 1453 438 statuenda
1474 407 1621 437 Minervae

930 449 1059 483 mandat,
1073 463 1099 478 ω.
1123 451 1190 477 483.
1229 447 1392 476 Concilium
1415 447 1534 476 deorum
1555 456 1622 476 con-

931 491 1030 524 vocat,
1046 487 1234 517 Batrachom.
1251 487 1315 518 167.
1329 486 1442 515 tonitru
1455 486 1563 515 bellum
1575 485 1622 515 in-

931 527 1023 563 dicat,
1043 531 1110 556 200.
1150 525 1252 554 Ranas
1276 524 1441 558 miseratur‚
1465 526 1531 554 262.
1552 528 1623 554 283.

930 566 1041 596 fulmen
1054 564 1145 605 ejicit,
1168 568 1235 597 278.
1275 563 1405 593 Cancros
1429 563 1530 598 mittit,
1552 567 1620 593 285.

932 605 1116 636 Mercurium
1128 603 1220 633 boves
1243 606 1394 641 surreptas
1416 602 1547 641 Apollini
1573 612 1623 632 os-

930 644 1052 674 tendere
1060 643 1159 683 jubet,
1175 642 1287 682 Hymn.
1304 645 1328 671 1.
1351 641 1382 670 in
1402 641 1530 671 Mercur.
1552 645 1621 674 392.

932 684 1046 713 Veneri
1066 681 1208 712 Anchisis
1229 690 1356 710 amorem
1377 679 1484 719 injicit,
1509 681 1620 719 Hymu.

934 726 959 753 1.
973 723 1003 752 in
1017 723 1179 756 Venerem,
1191 724 1238 750 53.
1248 730 1314 749 cum
1324 718 1469 748 Themide
1481 719 1621 757 colloqui-

931 765 993 797 tur,
1010 762 1122 801 Hymn.
1136 760 1166 789 in
1179 760 1199 789 J
1201 769 1286 788 ovem
1310 762 1337 788 2
1359 758 1527 802 Minervam
1541 768 1558 786 e
1571 768 1622 787 ca-

931 805 994 869 {iii
1007 797 1519 879 {ffitffzffitfflfflffisik
1542 797 1624 865 1.ὴῖἰῖ

932 882 1000 912 578.
1021 877 1165 908 somnium
1188 876 1282 905 mittit
1304 877 1334 904 A
1357 875 1530 909 amemnoni,
1551 881 1580 910 β.
1596 879 1622 907 7.

931 918 990 948 diis
1001 916 1152 947 interdicit
1165 914 1261 945 neutri
1275 924 1293 944 a
1357 914 1411 943 ‘ari
1427 914 1624 949 exercituum,

934 961 967 987 θ.
982 960 1011 986 5.
1051 955 1138 985 Jovis
1161 964 1253 984 aurea
1273 959 1390 989 catena,
1417 957 1463 985 19.
1485 953 1515 982 in
1537 953 1623 982 Idam

931 995 1096 1030 descendit,
1108 998 1156 1024 41.
1197 993 1259 1023 lrin
1271 992 1365 1022 mittit
1378 991 1415 1022 ad
1429 992 1625 1022 cohibendum

931 1035 1080 1065 Junonem
1100 1037 1132 1063 et
1155 1032 1324 1063 Minervam
1346 1031 1486 1071 afpraelio
1498 1035 1566 1064 398.
1587 1030 1626 1061 ad

933 1084 1025 1104 naves
1038 1074 1220 1107 Graecorum,
1244 1080 1271 1102 λ.
1295 1075 1324 1101 3.
1346 1071 1384 1100 ad
1408 1071 1572 1100 Hectorem
1590 1074 1626 1100 ut

934 1124 1001 1182 ῗιέἓι
1015 1113 1122 1182 jqueat
1134 1111 1172 1180 aid
1183 1115 1300 1156 tempus
1318 1121 1337 1140 a
1349 1110 1624 1178 1111011οὲ1151111010,

995 1174 1002 1182 .
1157 1161 1242 1180 onem
1267 1160 1299 1179 m
1318 1159 1433 1179 murum
1485 1159 1626 1179 raeeornm

935 1162 1203 1228 οοηοὶῖαῒῗΐμῗθ292.
1225 1193 1257 1218 et
1270 1189 1321 1218 Ne
1341 1193 1431 1218 tunus
1441 1188 1567 1218 diversis
1580 1187 1628 1218 fa-

936 1234 1018 1266 vent,
1048 1246 1068 1260 ν.
1093 1233 1158 1262 347.
1189 1227 1293 1258 fraude
1337 1227 1442 1257 unonis
1468 1227 1577 1257 dormit
1595 1228 1628 1258 iu

957 1269 1093 1299 emiciem
1107 1268 1302 1308 Trojanorum
1315 1273 1338 1303 ξ.
1353 1270 1421 1296 352.
1435 1270 1630 1306 experrectus

935 1276 1082 1338 Simonem
1095 1308 1235 1348 objurgat
1248 1321 1268 1337 0.
1284 1311 1309 1336 5.
1331 1306 1480 1336 Junonem
1493 1306 1583 1345 jubet
1595 1309 1630 1336 ut

936 1348 994 1378 sibi
1009 1347 1071 1377 Irin
1083 1351 1216 1377 accersat
1237 1350 1269 1376 et
1290 1344 1463 1385 Apollinem
1476 1349 1525 1378 49.
1567 1344 1631 1375 Irin

937 1387 974 1417 ad
989 1387 1162 1426 Neptunum
1176 1384 1269 1415 mittit
1293 1389 1325 1414 ut
1345 1395 1364 1414 a
1377 1394 1478 1424 pugna
1490 1383 1629 1420 desistat,

940 1431 1006 1459 157.
1027 1426 1120 1455 mittit
1133 1425 1171 1454 ad
1186 1423 1354 1464 Apollinem
1373 1423 1412 1452 ad
1425 1423 1630 1453 suscitandum

939 1466 1101 1495 Hectorem
1127 1468 1194 1494 220.
1237 1463 1398 1492 Hectorem
1431 1462 1536 1492 incitat
1561 1466 1629 1495 595.

936 1504 1108 1534 moriturum
1133 1502 1329 1542 Sarpedonem
1341 1501 1510 1537 miseratur,
1522 1515 1550 1530 π.
1560 1505 1630 1532 433.

936 1543 1103 1583 Apollinem
1117 1542 1204 1582 jubet
1226 1546 1261 1570 ut
1287 1540 1447 1580 Sal-pedoni
1470 1544 1631 1580 parentan-

936 1583 1005 1612 dum
1018 1586 1112 1616 curet,
1134 1582 1201 1615 667.
1243 1581 1404 1610 Hectorem
1424 1579 1592 1614 misemtur,
1606 1594 1631 1619 ς.

940 1626 1004 1654 198.
1031 1637 1061 1659 χ.
1086 1623 1148 1650 168.
1191 1619 1319 1649 Achillis
1342 1629 1436 1658 equos
1459 1618 1629 1655 miseratur,

936 1665 1003 1690 443.
1023 1660 1169 1689 Junonem
1189 1659 1348 1703 alloquitur
1372 1658 1410 1688 de
1432 1658 1566 1687 excitato
1581 1659 1628 1687 A-

937 1699 1034 1733 chille,
1059 1713 1085 1729 c.
1108 1703 1174 1732 357.
1216 1698 1385 1727 Mmervam
1409 1696 1502 1726 mittit
1523 1696 1562 1726 ad
1585 1699 1629 1726 A-

936 1738 1053 1768 chillem
1067 1737 1296 1771 refocillandum,
1311 1752 1335 1766 «r.
1351 1740 1417 1766 340.
1425 1736 1514 1776 jubet
1527 1746 1629 1766 omnes

935 1777 1007 1807 deos
1027 1776 1165 1817 opitulari
1184 1776 1260 1806 utris
1285 1776 1410 1814 quisque
1433 1774 1514 1810 velit,
1535 1790 1555 1805 υ.
1578 1779 1626 1805 20.

936 1816 1048 1846 Thetin
1061 1816 1153 1845 mittit
1165 1815 1203 1845 ad
1216 1814 1364 1845 Achillem
1377 1819 1411 1844 ut
1423 1824 1529 1854 corpus
1546 1814 1627 1843 Hec-

937 1856 1010 1886 toris
1025 1855 1143 1885 Priamo
1156 1855 1268 1890 tradat,
1288 1868 1312 1884 ω.
1329 1857 1392 1883 104.
1434 1853 1496 1883 Irin
1509 1853 1547 1883 ad
1561 1853 1628 1883 Pri-

937 1906 1033 1925 amum
1054 1899 1087 1924 ut
1107 1894 1254 1924 Achillem
1277 1893 1376 1928 adeat,
1402 1896 1466 1922 144.
1508 1893 1627 1923 Mercu—

936 1935 1012 1965 rium
1025 1934 1127 1964 ducem
1142 1933 1235 1963 mittit
1249 1932 1379 1968 Priamo,
1393 1936 1461 1962 335.

1249 2039 1276 2069 L

901 2130 976 2166 Laa,
992 2130 1027 2162 11.
1039 2136 1067 2167 β.
1082 2134 1148 2160 585.

902 2170 1106 2205 Lacedaemon,
1121 2170 1178 2198 Od.
1193 2174 1215 2199 δ.
1233 2173 1255 2198 1.
1272 2182 1291 2199 ε.
1307 2172 1354 2198 20.
1369 2183 1390 2198 o.
1407 2172 1433 2198 1.

902 2209 1129 2244 Lacedaemonii,
1146 2209 1181 2238 ΙΙ.
1195 2214 1222 2244 β.
1238 2211 1304 2238 581.

902 2249 1051 2279 Laconica
1063 2253 1150 2282 terra,
1166 2248 1276 2287 Hymn.
1293 2252 1318 2277 1.
1334 2246 1363 2276 in
1378 2246 1476 2286 Apoll.
1490 2249 1558 2276 410.

903 2288 1065 2323 Lae'rceus‚
1080 2286 1214 2317 aurarius
1228 2287 1323 2320 faber,
1338 2285 1394 2316 Od.
1410 2300 1437 2321 y.
1452 2290 1521 2315 425.

904 2328 1029 2357 Lae‘rtes
1043 2327 1071 2356 in
1086 2336 1158 2367 agro
1184 2326 1278 2366 degit,
1296 2325 1352 2355 od.
1377 2340 1405 2355 or..
1433 2329 1497 2358 190.
1512 2329 1632 2365 propter

944 2367 1079 2406 Ulyssem
1106 2366 1257 2395 absentem
1290 2375 1318 2394 m
1371 2375 1467 2404 nopere
1490 2364 1583 2400 dolet,
1611 2379 1634 2395 o.

941 2410 1008 2435 354.
1050 2405 1201 2434 Eumaeum
1220 2404 1323 2434 emita
1370 2403 1543 2438 hoenicibus,
1565 2407 1631 2435 482.

942 2444 1115 2474 Telemachi
1137 2444 1270 2474 discessu
1292 2443 1417 2472 maxime
1435 2443 1585 2482 affligitur,
1603 2457 1632 2473 er.

944 2487 1009 2514 142.
1024 2484 1088 2524 ejus
1102 2483 1214 2518 domus,
1236 2498 1262 2512 ω.
1278 2487 1345 2515 207.
1369 2482 1406 2511 ab
1429 2481 1537 2522 Ulysse
1552 2482 1634 2511 solus

942 2522 1099 2558 invenitur,
1113 2526 1179 2553 225.
1201 2533 1267 2551 eum
1281 2532 1338 2551 non
1353 2523 1497 2561 agnoscit,
1513 2525 1578 2550 280.
1598 2521 1633 2549 fi-

942 2561 1012 2591 lium
1026 2561 1124 2595 deflet,
1136 2566 1203 2591 315.
1233 2561 1369 2601 Ulyssem
1384 2570 1556 2600 agnoscens,
1569 2559 1633 2588 ani-

942 2611 991 2630 mo
1003 2601 1114 2635 deficit,
1128 2605 1195 2631 344.
1211 2607 1305 2630 armat
1325 2610 1368 2632 se.
1389 2604 1455 2632 497.
1472 2599 1633 2638 Eupithem

943 2639 1091 2674 interficit,
1107 2644 1174 2670 522.

906 2678 1107 2719 Laestrigones
1121 2679 1301 2719 Gigantibus
1315 2677 1437 2712 similes,
1451 2676 1506 2706 Od.
1523 2691 1549 2706 κ.
1568 2680 1633 2707 120.

945 2717 1063 2758 Ulyssis
1078 2728 1168 2748 naves
1180 2723 1212 2748 et
1225 2717 1321 2747 socios
1336 2716 1472 2757 perdunt,
1491 2720 1556 2745 122.

906 2757 1106 2798 Laestrigonia
1118 2757 1201 2792 urbs,
1215 2756 1271 2786 Od.
1286 2771 1314 2786 κ.
1331 2760 1376 2785 82.
1391 2760 1426 2791 ψ.
1441 2758 1508 2784 318.

907 2796 1070 2836 Lampetie,
1092 2796 1168 2826 Solis
1188 2797 1274 2826 boum
1297 2799 1407 2828 custos,
1431 2794 1486 2822 od.
1509 2808 1542 2830 μ.
1571 2797 1635 2823 132.

946 2836 1035 2865 boves
1050 2836 1164 2866 occisas
1179 2835 1239 2865 Soli
1254 2834 1385 2867 nunciat,
1401 2837 1465 2864 374.

909 2875 1053 2914 Lampus,
1067 2885 1160 2915 equus
1175 2876 1307 2907 Aurorae.
1322 2872 1378 2902 Od.
1394 2876 1429 2901 ὼ.
1444 2875 1510 2901 245.
