1856 3235
664 236 769 288 ΕΙΣ
811 235 1085 285 ἙΡΜΗΝ.

1559 235 1625 284 41

272 383 452 452 Ἰἑμενον
476 381 665 434 πεδίονδε
695 381 749 434 δι’
773 380 1019 451 Ὀγχηςον
1046 380 1302 450 λεχεποίην

273 457 358 509 Τον
380 457 578 529 πξότεαος
607 456 792 529 πξοςεφη
822 457 977 515 Μαιης
1001 456 1214 527 ἓξικυόέος
1243 455 1348 513 υἱός

163 538 233 589 90

331 531 411 582 Ὠ
443 530 581 603 γέξον,
609 554 702 589 οςτε
730 531 854 596 φυτοὶ
882 532 1100 589 σκάπτεις
1128 528 1447 599 επικαμπῦλος
1471 528 1607 601 ω’μες,

261 605 332 657 'H
361 605 482 657 πολὺ
510 607 722 675 οἶμησεις,
753 603 841 657 εὐτ’
870 604 923 656 ἀν
951 605 1060 657 τάδε
1083 607 1235 656 πάντα
1261 602 1435 678 φεξησι

271 680 370 733 Καί
394 704 440 732 τε
469 678 561 731 Ibam
586 704 650 748 μη
679 679 773 732 ἔδων
802 703 927 742 ειναι,
959 679 1039 731 καὶ
1071 678 1211 745 κωφος
1240 680 1438 742 ἀκέσας,

272 756 366 806 Και
394 759 548 823 σιγᾷν,
577 778 648 806 οτε
675 779 739 824 μη
768 778 809 805 τι
837 755 1163 826 καταβλάπτῃ
1192 778 1240 806 το
1268 778 1338 806 σον
1366 755 1499 807 αὗτὲ.

346 831 518 881 Τόσσον
545 829 636 894 φας
665 827 862 881 συνέσευε
889 829 1002 892 βοῶν
1029 828 1212 898 ἷφθιμα
1239 831 1428 901 καξηνα·

161 911 234 961 95
271 904 447 956 Πολλοὶ
476 903 513 955 δ’
544 901 616 976 ἔζη
644 904 851 955 σκιόεντα
879 904 957 954 καὶ
982 903 1183 961 αὐλῶνας
1212 902 1486 967 κελαδεινὲς,

273 979 367 1030 Και
396 979 509 1030 πεδι
539 979 824 1048 ἀνθεμόεντα
853 977 1040 1036 ὃιῇλασε
1068 977 1283 1046 κύδιμος
1290 982 1460 1050 Εξμης.

271 1053 496 1124 Ὀξφναίη
524 1053 602 1105 δ”
590 1052 795 1125 επῖκεξος
826 1051 1012 1103 ἐπαύετο
1042 1052 1243 1121 δαιμονίη
1276 1051 1348 1114 vv}

268 1129 333 1179 ‘H
361 1129 534 1189 πλείων,
563 1151 701 1197 ταχα
729 1128 764 1178 δ’
795 1124 977 1198 οξθξος’
965 1127 1167 1191 εγῖγνετο
1197 1126 1476 1219 δημιοεξγός·

268 1204 334 1254 H
362 1202 408 1254 δε
438 1226 517 1253 νεον
544 1206 704 1274 ‹raon-157
730 1201 1092 1273 πξοςεβῆσατο
1069 1207 1145 1252 ὸῖα
1175 1204 1295 1253 Σελ’
1275 1227 1343 1261 nvn

130 1283 235 1333 100
273 1278 556 1335 Πάλλαντος
586 1277 802 1346 ἓνγάτηξ
832 1276 1172 1343 ΝΙεγαμηόεἶαο
1203 1274 1415 1335 ἄνακτος·

275 1355 429 1419 Τῆμος
459 1351 521 1401 ἐπ’
550 1349 766 1415 Ἀλφειὸν
793 1349 994 1416 ποταμὸν
1023 1348 1134 1407 Διὸς
1163 1348 1364 1418 ἄλκιμος
1393 1349 1479 1409 υἱός

276 1425 432 1490 Φοῖβε
459 1424 744 1482 Ἀπόλλωνος
771 1424 861 1488 βὲς
890 1423 1057 1482 ἤλασεν
1087 1425 1406 1496 εὐξυμετῶπες·

274 1574 440 1605 Petentem
457 1583 603 1613 campum
620 1584 675 1613 per
693 1574 892 1604 Onchestum
906 1575 1089 1605 herbosum:

276 1630 381 1665 Quem
398 1629 485 1668 prior
501 1628 657 1659 allocutus
672 1634 718 1659 est
733 1629 831 1659 Maiae
846 1629 973 1669 inclytae
989 1629 1075 1659 filius
1088 1641 1097 1666 ;

213 1688 254 1716 90
323 1683 353 1714 O
369 1694 472 1718 senex,
488 1683 604 1724 quique
620 1683 741 1722 plantas
757 1683 839 1713 fodis
854 1683 1002 1713 incurvus
1017 1684 1166 1719 humeris,

274 1739 368 1769 Certe
382 1737 520 1768 multum
538 1737 721 1768 ambulabis.
742 1737 869 1778 quando
883 1739 951 1768 haec
966 1738 1075 1769 omnia
1089 1738 1230 1769 fructum
1245 1738 1385 1770 tulerint.

271 1793 318 1823 At
333 1792 441 1823 videns
458 1803 522 1822 non
538 1792 648 1823 videns
661 1792 705 1822 sis
719 1798 751 1823 et
766 1791 881 1823 surdus
896 1792 1039 1830 audiens,

272 1847 317 1877 Et
331 1852 442 1883 taceas,
459 1846 586 1887 quando
601 1846 676 1887 quid
692 1846 739 1876 nil
753 1846 896 1877 nocuerit
910 1847 968 1877 tibi
983 1847 1051 1886 ipsi.

317 1902 459 1932 Tantum
475 1902 600 1932 locutus
615 1902 772 1932 concussit
786 1903 883 1932 boum
901 1901 996 1932 fortia
1011 1901 1130 1941 capita:

217 1959 257 1989 95
282 1957 405 1988 Multos
418 1963 524 1988 autem
540 1962 664 1987 montes
679 1958 843 1987 umbrosos
859 1963 890 1987 et
901 1956 995 1986 valles
1012 1966 1149 1992 sonoras,

277 2012 322 2043 Et
337 2022 464 2051 campos
478 2011 605 2042 floridos
621 2011 746 2042 transiit
757 2011 894 2051 inclytus
908 2011 1099 2042 Mercurius.

280 2067 421 2097 Obscura
437 2073 544 2097 autem
561 2066 699 2106 adjutrix
715 2067 852 2096 cessabat
867 2065 973 2096 divina
988 2075 1052 2095 nox

277 2121 432 2157 Plurima,
450 2121 530 2152 forte
543 2127 652 2151 autem
669 2121 796 2150 Aurora
807 2125 876 2150 orta
890 2119 1022 2159 populos
1037 2119 1077 2150 ad
1092 2129 1187 2159 opera
1201 2117 1354 2151 excitans:

279 2176 403 2207 Recens
419 2183 527 2207 autem
543 2176 576 2206 in
592 2174 752 2215 speculam
768 2174 884 2214 prodiit
899 2174 1005 2205 diviua
1022 2175 1117 2206 Luna

200 2234 258 2262 100
280 2230 432 2261 Pallantis
448 2231 513 2261 filia
529 2229 724 2271 Megamidae
738 2230 836 2270 regis:

279 2286 373 2316 Tunc
387 2285 427 2316 ad
444 2285 605 2325 Alpheum
621 2294 750 2315 amnem
765 2285 787 2316 J
790 2284 855 2315 ovis
869 2290 979 2324 potens
995 2283 1085 2314 filius

280 2341 392 2372 Phoebi
410 2340 570 2381 Apollinis
584 2341 679 2371 boves
693 2339 824 2380 agitavit
839 2339 1015 2370 latifrontes
1030 2351 1038 2370 z

133 2471 192 2502 tur,
216 2475 282 2496 non
297 2465 337 2497 de
351 2465 475 2497 cultura
489 2466 661 2500 hortorum,
687 2470 742 2495 aut
756 2464 864 2495 vinea·-

132 2517 212 2544 rum,
250 2509 419 2548 praesertim
454 2519 525 2550 quae
563 2518 589 2538 v.
621 2510 692 2538 207.
728 2514 864 2547 ponatur

131 2552 268 2582 maxime
297 2553 332 2582 in
360 2552 519 2583 fodiendo.
580 2552 683 2582 Vetus
711 2550 864 2590 interpres

131 2593 268 2626 reddidit
295 2598 430 2632 domans,
460 2601 610 2635 tanquam
640 2600 720 2624 esset
757 2593 861 2634 hailo,

134 2637 218 2679 quod
243 2645 275 2668 et
301 2639 404 2678 ipsum
427 2638 543 2669 durum
561 2643 615 2668 est.
661 2638 747 2667 Vera
768 2636 862 2667 lectio

135 2690 202 2711 esse
225 2681 346 2712 Videtur
374 2682 476 2721 κομῶν,
499 2681 586 2711 unde
609 2680 709 2721 κομιδὴ
742 2680 863 2710 [ιε’ἑῐῑω

134 2723 284 2755 tribuitur
300 2725 415 2756 colenti
430 2726 558 2755 hortum
583 2724 643 2755 Od.
660 2724 699 2755 ω’.
716 2727 787 2754 244.
813 2724 864 2754 Sic

136 2766 238 2806 placet
251 2773 283 2798 et
298 2769 438 2799 Dim-tino
456 2768 472 2798 Ι
478 2768 505 2798 Ι.
524 2771 572 2798 12.

179 2811 255 2841 Ver.
273 2814 322 2842 91.
339 2810 378 2842 'H
404 2812 482 2842 πολὺ
503 2811 650 2853 οἶμήσεις,]
673 2810 749 2841 Non
765 2820 798 2840 se
813 2819 866 2840 ex-

136 2852 269 2893 pediunt
283 2853 315 2883 in
332 2854 361 2884 h.
388 2864 415 2885 v.
434 2855 634 2894 Interpretes.
685 2853 798 2884 Glossa
813 2863 863 2883 ve-

138 2905 186 2927 tus
205 2897 424 2937 interpretatur
439 2898 625 2940 ὠφεληθήσῃ.
671 2897 738 2929 Cel.
755 2899 866 2929 Ruhn-

181 2974 267 3011 VoL.
285 2976 330 3012 V.
863 2975 890 3010 F

906 2465 1015 2496 kenius
1044 2462 1171 2504 corrigit
1196 2461 1360 2503 ingeniose
1392 2459 1530 2497 ὀφλήσεις,
1554 2458 1639 2502 quod

907 2507 982 2538 locis
1009 2505 1130 2537 idoneis
1156 2505 1297 2536 illustrat.
1354 2504 1540 2535 Desiderem
1571 2512 1638 2533 v—er

907 2552 992 2585 bum,
1019 2549 1102 2590 quod
1129 2549 1256 2588 propius
1282 2548 1322 2579 ad
1348 2547 1639 2594 interpretationem

908 2594 1083 2635 ὠφεληθήσῃ
1108 2593 1243 2623 accedat.

907 2638 936 2667 h.
955 2637 974 2667 l.
991 2636 1099 2675 aptior.

951 2680 1025 2709 Ver.
1057 2683 1107 2710 92.
1145 2679 1235 2719 κωφὸς
1267 2677 1410 2719 bachaffi]
1449 2676 1642 2707 Ammonius

909 2723 1055 2753 Homero
1069 2722 1209 2752 tribuens
1218 2721 1480 2762 significationem
1498 2721 1588 2759 κωφῦ,
1606 2724 1641 2748 ut

908 2767 948 2796 sit
962 2772 1073 2801 mutus,
1090 2775 1154 2795 non
1170 2767 1291 2800 surdus,
1314 2764 1437 2794 videtur
1449 2765 1533 2793 hunc
1550 2763 1642 2800 hym-

910 2819 989 2840 num
1007 2809 1152 2839 Homero
1167 2808 1353 2849 abjudicare.
1399 2807 1451 2837 De
1473 2807 1529 2835 hac
1545 2804 1642 2843 signi-

910 2852 1053 2883 ficatione
1068 2852 1153 2883 verbi
1169 2862 1196 2883 v.
1219 2851 1266 2885 Cl
1298 2851 1421 2885 Vallcen.
1446 2849 1486 2881 ad
1505 2848 1640 2878 Ammo·-

910 2896 1000 2928 nium
1015 2898 1132 2936 p.156.

1288 2592 1375 2622 Nam
1390 2592 1458 2621 haec
1484 2589 1640 2620 sententia
