1856 3235
217 200 236 237 1
247 198 309 241 70
669 186 1228 235 PROLEGOMENA.

218 315 606 380 interpolationis
630 333 729 364 non
756 317 1002 365 defendat.
1073 317 1149 364 Ex
1194 317 1288 365 hoc
1334 333 1537 364 numero
1578 319 1702 366 infra

218 382 400 446 plures,
434 397 566 428 nunc
604 398 755 429 unum
795 382 987 429 afferam
1027 382 1235 430 maxime
1274 382 1537 430 notabilem
1579 383 1637 430 Il.
1662 385 1706 430 ν’.

221 455 332 498 731.
368 446 450 509 qui
489 446 540 493 in
578 448 799 494 omnibus
823 447 982 495 adhuc
1007 447 1194 495 collatis
1219 448 1361 496 codd.
1387 456 1562 512 praeter
1585 449 1705 496 Vin-

221 513 332 560 dob.
371 511 583 559 CXVII.
611 521 678 569 et,
713 512 844 574 quod
869 512 1079 559 maxime
1102 513 1295 570 mirere,
1328 513 1379 560 in
1416 514 1520 577 ipso
1546 514 1706 561 Vene-

220 585 273 625 to
297 576 494 624 offertur
517 577 620 624 sine
644 577 800 624 obelo.
870 576 998 624 Nam
1030 578 1338 636 sententiam,
1374 596 1467 642 qua
1491 596 1540 626 se
1567 578 1707 643 Poly-

221 643 384 690 damas
409 659 518 690 cum
547 642 766 689 Hectore
791 649 1056 705 comparat,
1079 642 1173 689 isto
1195 659 1338 690 versu
1360 643 1556 708 illepide
1580 644 1708 691 ultra

223 708 524 772 propositum
548 707 690 765 trahi,
724 706 868 754 facile
906 707 1099 754 sentiaS.
1169 707 1242 754 At
1279 708 1443 771 paullo
1484 709 1707 757 disertior

222 782 296 822 est
335 789 682 836 nonnunquam
720 772 967 820 Homerus
1012 789 1153 836 quam
1195 773 1436 821 sententia
1476 774 1708 837 postulat,

220 854 380 902 neque
403 837 483 885 ille
508 854 570 885 ex
592 837 781 901 frigidis
805 838 985 901 regulis
1006 838 1254 902 castigatae
1273 838 1563 902 eloquentiae
1578 839 1709 903 judi-

223 903 407 952 candus
442 910 529 950 est.
601 903 735 958 Quid
773 903 951 950 multa?
986 903 1195 951 Versum
1227 903 1510 951 Eustathius
1535 921 1621 952 suo
1644 904 1711 952 lo-

224 986 283 1017 co
305 969 653 1032 praetermittit;
691 986 805 1016 mox
830 986 891 1016 ex
916 968 1273 1016 commentariis
1292 977 1511 1017 veterum
1530 978 1711 1028 narrat,

221 1034 510 1081 fabricatum
536 1050 638 1081 esse
662 1051 690 1081 a
714 1034 967 1082 Zenodoto
1004 1034 1226 1082 Mallote.
1297 1035 1397 1082 Cur
1438 1052 1555 1099 ergo
1595 1035 1710 1083 huic

222 1099 381 1147 versui
406 1098 515 1162 plus
539 1100 841 1147 auctoritatis
875 1100 1159 1158 tribuamus,
1195 1117 1337 1163 quam
1360 1100 1430 1147 illi
1465 1101 1712 1148 Dioscori-

223 1164 295 1211 dis
321 1163 592 1220 Isocratici,
627 1181 770 1227 quem
796 1164 1066 1211 Athenaeus
1092 1166 1131 1211 Ι.
1157 1182 1205 1229 p.
1233 1174 1306 1212 11.
1335 1166 1398 1212 A.
1423 1165 1578 1223 affert,
1601 1174 1713 1229 post

222 1228 260 1275 ι’.
291 1234 396 1275 119.
434 1228 511 1275 vel
534 1229 813 1292 ubicunque
846 1230 1066 1287 assuetis,
1101 1230 1412 1277 incommodo
1453 1238 1504 1278 et
1525 1230 1712 1294 inepto,

409 1310 480 1356 ”H
503 1314 587 1372 οἴνῳ
608 1310 784 1373 μεθύων,
808 1310 836 1363 ἤ
852 1311 898 1373 μ’
928 1310 1133 1374 ’ἔβλαψαν
1157 1311 1246 1358 θεοὶ
1267 1311 1400 1367 αὐτοὶ,

222 1404 306 1445 aut
331 1398 540 1446 Cratetis
571 1399 687 1447 huic
728 1399 857 1463 apud
893 1399 1208 1448 Plutarchum
1250 1400 1310 1448 de
1349 1400 1462 1448 Fac.
1505 1400 1557 1448 in
1597 1401 1712 1450 orbe

223 1462 378 1510 Lunae
400 1480 448 1527 p.
475 1470 585 1511 938.
622 1465 705 1521 D„
742 1472 853 1528 post
875 1467 922 1521 ξ’.
947 1473 1056 1512 246.
1091 1465 1302 1529 adjecto,

418 1552 636 1616 Ἀνδξάσιν
660 1552 724 1606 ἠδὲ
749 1555 867 1607 Seluk·
901 1554 1090 1607 πλείστην
1115 1553 1182 1600 ἐπὶ
1205 1559 1329 1614 γαῖαν
1352 1557 1461 1609 i'nmv,

225 1646 308 1688 aut
342 1639 574 1690 similibus
598 1640 729 1704 apud
751 1640 869 1690 alios
895 1640 1219 1691 conservatis?

941 1801 1005 1849 X.

294 1953 445 2003 Haud
469 1956 570 2004 scio
594 1972 655 2002 an
678 1956 752 2004 his
775 1956 1081 2021 vulgatarum
1104 1955 1372 2003 lectionum
1414 1962 1464 2003 et
1504 1955 1718 2003 sordium

229 2020 463 2085 exemplis
487 2021 784 2085 aliquantum
811 2022 871 2070 de
895 2022 1081 2086 vulgati
1104 2028 1270 2069 textus
1304 2021 1459 2085 gratia
1483 2021 1613 2085 apud
1635 2021 1719 2069 ho-

225 2086 380 2133 mines
421 2087 543 2135 recti
572 2086 749 2150 judicii
791 2087 1100 2135 detraxerim.
1171 2086 1421 2151 Exemplis
1454 2094 1587 2134 certe
1623 2086 1717 2133 hac

227 2150 277 2197 in
312 2167 363 2198 re
399 2152 507 2215 plus
548 2152 772 2211 efficitur,
808 2170 950 2217 quam
982 2153 1057 2211 iis,
1092 2169 1200 2216 quae
1241 2152 1301 2200 de
1340 2169 1398 2200 ea
1435 2151 1719 2216 gravissime

228 2232 355 2279 saepe
391 2218 441 2264 in
477 2218 757 2266 universum
792 2226 1088 2267 monuerunt
1123 2218 1213 2265 viri
1251 2217 1534 2266 doctissimi.
1606 2216 1720 2264 Pro-

228 2282 332 2328 bari
358 2282 450 2330 ista
488 2283 662 2342 solent,
699 2285 814 2332 dum
851 2285 1106 2348 leguntur3
1143 2284 1226 2331 ubi
1263 2283 1325 2331 ad
1365 2299 1466 2330 rem
1511 2297 1719 2346 praesen-

230 2353 329 2395 tem
353 2357 553 2396 ventum
579 2358 670 2408 est,
704 2351 832 2398 redit
855 2351 984 2398 iners
1008 2349 1302 2414 superstitio.
1372 2348 1438 2396 Et
1459 2348 1510 2394 in
1536 2347 1719 2395 Home-

226 2428 284 2460 ro
318 2413 513 2476 quidem
546 2431 602 2462 ea
625 2415 904 2479 superstitio
927 2432 1130 2480 magnos
1165 2422 1399 2479 patronos
1421 2413 1569 2461 habet
1591 2413 1720 2460 inter

227 2478 356 2541 ipsos
381 2488 588 2539 veteres,
627 2498 688 2528 ex
720 2482 893 2545 quibus
933 2497 1059 2529 unus
1094 2497 1195 2545 prae
1220 2480 1407 2528 caeteris
1440 2478 1721 2542 ingeniosus

230 2550 304 2591 est
327 2542 574 2593 Lucianus
610 2550 642 2594 ².
713 2547 762 2594 Is
792 2551 987 2611 poetam
1022 2547 1179 2611 ipsum
1215 2545 1345 2609 apud
1371 2544 1552 2592 inferos
1574 2544 1723 2591 inter-

228 2617 453 2673 rogatum
478 2627 506 2658 a
529 2629 579 2659 se
605 2612 665 2660 de
693 2613 749 2659 iis
784 2613 1019 2670 versibus,
1055 2612 1137 2677 qui
1177 2611 1422 2659 subditicii
1457 2627 1486 2657 a
1526 2607 1723 2657 Criticis

229 2674 541 2735 haberentur,
578 2677 726 2726 refert
761 2678 1044 2742 simpliciter
1076 2676 1402 2741 respondisse,
1437 2690 1590 2723 omnes
1615 2688 1722 2721 suos

230 2755 341 2788 esse.
412 2741 525 2798 Quo
562 2759 793 2807 responso
828 2744 1021 2792 tametsi
1055 2742 1383 2807 perhumanus
1430 2757 1579 2789 senex
1620 2754 1721 2787 non

230 2806 321 2855 nisi
353 2823 436 2857 eos
458 2824 623 2858 versus
647 2809 901 2874 agnovisse
931 2809 1177 2873 putandus
1215 2816 1306 2870 est,
1343 2824 1452 2872 quae
1474 2814 1588 2856 ante
1628 2805 1722 2853 hoc

701 2886 823 2918 aVerae
839 2887 924 2949 His}¹
940 2887 988 2920 ΙΙ.
1004 2890 1056 2919 20.
1069 2896 1098 2927 p.
1117 2887 1185 2917 117.
