1856 3235
212 203 304 247 342
699 195 1008 241 ‘OMHPOT
1044 195 1214 242 ΒΙΟΣ.

210 348 315 409 τρην,
346 328 434 374 Ἰὦν
474 328 590 389 ἐμπῖ*
579 328 678 384 είην,
729 328 890 389 ταχέας
931 329 963 374 δ’
992 329 1182 389 ἐκχεύατ’
1212 327 1316 381 ὀίςές
1357 328 1516 392 Πρόςὸε
1559 331 1702 386 ποδῶν,

208 391 319 456 μετοὶ
344 392 383 439 δὲ
405 411 608 475 μνηςηρσιν
633 394 765 440 ἔειπεν.

266 459 376 505 “Ort
401 458 441 505 δὲ
463 479 537 505 και
561 457 608 506 τδ
631 459 784 523 ἀνθηρὸν
807 460 904 512 εἶδος
928 464 1001 505 τῶν
1023 459 1153 518 λόγων
1177 458 1233 508 έςι
1255 459 1363 506 πολυ
1383 458 1499 523 παροὶ
1516 463 1573 522 τῷ
1591 479 1703 515 ποιη-

207 527 272 589 τῇ,
307 525 465 577 κάλλος
489 543 504 570 ε
506 544 590 585 χον,
625 524 701 571 καὶ
723 527 837 607 χάριν
863 527 900 577 ἐς
930 523 977 571 τὸ
1000 525 1149 587 τέρπειν
1174 544 1246 570 και
1270 526 1369 578 η”δειν
1409 526 1532 589 ὥςπερ
1571 526 1698 582 ἄνθος,

210 610 249 636 τι
274 589 322 636 οἷν
346 609 408 643 τις
429 610 504 636 και
527 591 660 650 λέγοι,
694 610 793 653 μεςη
818 592 899 653 γάρ
923 592 995 639 έςιν
1020 591 1042 643 ἡ
1067 590 1223 642 ποίησις
1245 595 1316 644 τῆς
1338 592 1528 644 τοιαύτης
1565 611 1702 638 κατα-

208 659 361 709 σκευῆς.
385 657 407 709 ἡ
430 655 501 717 μὲν
526 655 571 709 δη
595 659 664 708 τῆς
688 657 864 718 φράσεως
886 655 987 709 ἰδέα,
1023 673 1211 708 τοιαυτην
1249 655 1330 715 ἔχει
1355 658 1561 703 ποικιλίαν
1587 676 1704 720 παρα

206 724 263 783 τῷ
286 722 469 784 Ομηρῳ,
506 721 589 766 οἷαν
614 721 831 783 διηλθομεν,
868 721 993 781 ὀλιγα
1025 721 1357 784 παραδειγματα
1381 722 1554 784 θέμενοι,
1591 724 1629 777 ἐξ
1652 726 1701 768 ὧν

207 788 261 836 ἐςι
283 806 357 832 και
381 785 438 833 τοὶ
462 786 578 832 ἄλλα
600 792 818 833 κατανοεῖν.

270 851 396 898 Ἐπεὶ
419 852 458 898 δὲ
482 850 635 904 παντός
657 857 709 899 τὲ
731 853 938 915 ἀσκεμιένε
972 853 1067 916 παρ’
1107 852 1320 916 ἀνθρώποις
1344 852 1464 913 λόγε,
1502 852 1524 898 o‘
1545 853 1617 916 μέν
1639 873 1701 907 τις

207 917 279 968 ἒςὶν
303 916 480 981 ι’ςορικός,
518 917 539 963 ὁ
561 918 600 964 δὲ
624 917 847 973 πολιτικὸς,
884 919 969 982 φέρε
1004 919 1264 981 θεασώμεθα,
1300 920 1332 965 εἰ
1353 918 1428 964 καὶ
1450 918 1577 965 τὲτων
1611 918 1701 966 εἰσὶν

207 1004 251 1030 αι
286 982 415 1046 ἀρχαι
437 982 531 1046 παρ’
560 985 684 1045 αὐτον.
752 986 813 1030 ‘O
836 983 907 1047 μὲν
932 983 977 1037 δη
1015 984 1179 1047 ιςορικός
1203 985 1269 1038 ἐςι,
1309 984 1330 1029 ὁ
1368 989 1442 1030 τῶν
1482 984 1701 1044 γεγονότων

205 1050 464 1112 πραγμάτων
489 1049 585 1108 ἔχων
611 1049 796 1108 διηγησιν.
831 1051 966 1103 πάσης
990 1049 1029 1095 δὲ
1055 1050 1264 1109 διηγησεως
1293 1049 1477 1114 ἀφορμαι
1511 1050 1699 1109 γίνονται.

205 1114 420 1195 πρόςωπον,
446 1114 576 1167 αἴτια,
613 1114 750 1169 τόπος,
786 1115 933 1178 χρόνος,
970 1115 1144 1177 ὄργανον,
1181 1116 1335 1178 πραξις,
1372 1117 1512 1170 πάθος,
1538 1116 1698 1179 τρόπος,

202 1199 277 1227 και
301 1178 384 1225 ἐδὲν
407 1179 534 1225 τὲτων
558 1179 628 1233 ἔξω
663 1181 697 1226 έν
721 1181 851 1261 ἱςορία
892 1181 1062 1243 περιέχει
1099 1180 1247 1242 ἐδέμια
1285 1180 1472 1239 διηγησις.
1507 1180 1611 1234 ἐτως
1646 1180 1702 1230 ἐςὶ

204 1242 320 1308 παροὶ
343 1248 401 1307 τῷ
425 1263 568 1307 ποιητη
594 1243 736 1291 πολλα
762 1247 1016 1310 πράγματα,
1051 1248 1102 1298 ὦς
1132 1245 1344 1305 γεγονότα,
1382 1246 1404 1299 ἢ
1427 1247 1477 1298 ὡς
1500 1247 1596 1294 ὅντα
1621 1246 1702 1301 διη-

205 1311 377 1374 γεμένῳ,
415 1311 531 1357 ἐνίοτε
556 1310 632 1357 καὶ
656 1313 690 1358 ἐν
715 1311 845 1374 ἑνάςῳ
867 1331 994 1358 τετων
1029 1312 1224 1371 διηγησεις
1261 1311 1372 1375 εὑρεῖν
1413 1312 1478 1361 ἐςι.
1511 1314 1702 1393 προςώπε

203 1376 288 1440 μὲν,
323 1379 373 1429 ὦς
396 1375 443 1423 τδ
466 1376 624 1423 τοιόνδε·
649 1376 739 1424 Ἤν
764 1378 803 1424 δέ
827 1398 889 1431 τις
927 1379 962 1424 έν
987 1379 1163 1460 Τρώεσσι
1208 1377 1350 1441 Δάρης
1388 1376 1556 1436 ἀφνειδς,
1592 1397 1701 1440 αμυ-

202 1462 300 1506 μων,
334 1442 457 1506 Ἰρεύς
477 1443 714 1501 ΗΗφαιςοιο,
751 1444 820 1490 δύο
844 1445 884 1490 δέ
909 1445 949 1490 οἱ
979 1445 1055 1491 υιέε
1091 1462 1205 1499 ησαν,
1242 1443 1410 1503 Φηγεῦς
1448 1443 1603 1496 Ἰδαιός
1641 1462 1699 1499 τε,

202 1510 348 1571 μάχης
371 1514 412 1555 εὐ
437 1507 560 1555 εἰδότε
584 1511 728 1563 πάσης.
762 1530 836 1556 ’και
861 1512 895 1557 ἐν
928 1529 983 1563 οις
1022 1510 1099 1563 εἴδη
1138 1514 1246 1556 τινῶν
1285 1509 1514 1573 διαγράφει,
1547 1511 1598 1562 ὡς
1634 1509 1701 1557 ἐπι

202 1594 254 1621 τε
279 1574 468 1638 Θερσιτε·
504 1573 716 1628 Φολκος’
697 1595 768 1630 εην,
803 1575 936 1636 χωλὸς
970 1576 1002 1622 δ’
1031 1577 1152 1639 ἕτερον
1192 1575 1321 1632 πόδα,
1356 1595 1413 1622 τω
1447 1574 1486 1621 δὲ
1527 1594 1562 1621 οι
1601 1577 1697 1638 ὤμω

205 1640 364 1704 Κυρτῶ,
401 1639 468 1686 ἐπὶ
490 1643 600 1694 ςῆθος
623 1641 885 1702 συνοχωκότε,
922 1640 1055 1705 αὐτοὶρ
1077 1643 1215 1705 ὕπερθε
1241 1639 1376 1695 Φοξδς
1410 1640 1467 1694 ἔην
1500 1640 1694 1699 κεφαλὴν,

203 1705 330 1765 ’ψεδνη
371 1706 403 1752 δ’
447 1707 638 1759 επενηνοθε
672 1708 817 1767 λάχνη·
851 1727 924 1754 και
963 1708 1080 1754 ἄλλα
1117 1705 1272 1762 πολλοὶ,
1309 1708 1342 1753 έν
1380 1706 1434 1759 οἱς
1472 1706 1700 1762 ἢειδος,ἣ

201 1771 357 1836 τρόπον,
393 1792 415 1825 η
440 1772 594 1835 πραξιν,
630 1773 651 1825 ἢ
675 1792 801 1833 τυχην
825 1775 1010 1837 προςώπε
1035 1774 1184 1828 διέξεισι
1213 1773 1432 1827 πολλάκις,
1467 1774 1517 1825 ὡς
1556 1773 1591 1819 ἐν
1631 1791 1701 1819 τε·

202 1854 298 1890 τοις·
336 1837 591 1916 Δάρδανον’
571 1857 624 1901 αρ
646 1843 797 1902 πρῶτον
821 1840 960 1886 τέκετο
985 1839 1265 1919 νεφεληγερέτα
1293 1837 1408 1894 Ζευς,
1433 1858 1507 1885 και
1529 1857 1586 1884 τα
1606 1837 1700 1894 εξης.

202 1902 328 1950 Τόπε
353 1903 429 1950 δέ’
418 1922 471 1952 εςι
495 1904 590 1966 παρ’
619 1905 733 1966 αὐτῷ
756 1905 945 1965 διηγησις,
983 1905 1123 1951 ὁποιαν
1147 1924 1231 1968 περι
1256 1923 1327 1958 της
1350 1922 1441 1957 vno-8
1463 1923 1534 1958 της
1557 1923 1700 1964 γειτνι-

202 1969 302 2022 ώσης
325 1988 374 2032 τη
399 1973 473 2014 τῶν
501 1971 739 2017 Κυκλωπων
762 1971 884 2031 λέγει.
921 1973 954 2017 ἐν
990 1971 1044 2023 οἷς
1067 1970 1114 2017 τδ
1144 1970 1241 2023 ειδος
1263 1990 1315 2016 τε
1337 1969 1445 2016 τόπε
1469 1970 1699 2034 διαγράφει,

198 2105 377 2144 pharetram
395 2104 566 2147 Consertam
573 2106 705 2146 jaculis,
718 2106 829 2145 jacula
846 2113 873 2138 et
889 2108 999 2138 velocia
1005 2107 1097 2147 fudit
1114 2108 1194 2137 Ante
1204 2107 1305 2147 pedes,
1318 2105 1473 2147 faturque
1495 2106 1598 2146 procis
1625 2105 1698 2136 dein

201 2148 280 2177 talea
296 2150 423 2179 cuncti-s

246 2190 342 2226 Quod
356 2198 462 2221 autem
478 2197 509 2222 et
523 2191 669 2222 flmidum
686 2192 810 2223 dicendi
824 2203 935 2233 genua,
958 2192 1042 2233 quod
1057 2197 1252 2223 venustatem
1269 2198 1300 2223 et
1314 2191 1448 2232 gratiam
1474 2191 1514 2222 ad
1537 2190 1696 2222 delectan-

202 2232 294 2271 dum,
317 2244 353 2264 ac
370 2234 527 2273 voluptate
544 2235 753 2271 afficiendum,
777 2236 874 2266 instar
888 2235 972 2266 floris
986 2237 1087 2272 habet,
1112 2236 1258 2276 frequens
1273 2235 1357 2274 apud
1372 2236 1497 2274 po'etam
1509 2234 1557 2270 sit,
1574 2244 1639 2265 non
1654 2239 1701 2264 est

201 2276 287 2317 quod
302 2277 372 2317 quis
387 2276 478 2313 dicat,
502 2278 655 2318 siquidem
672 2279 771 2328 poesis
786 2278 839 2309 tali
855 2285 1003 2318 apparatu
1020 2279 1111 2318 plena
1127 2286 1180 2309 est.
1226 2279 1332 2319 Atque
1349 2278 1474 2309 dicendi
1488 2276 1615 2318 quidem
1637 2277 1701 2307 for-

203 2329 265 2349 mae
279 2320 374 2350 talem
389 2320 472 2359 apud
491 2321 670 2351 Homerum
686 2322 887 2352 variationem
904 2323 1029 2357 habent,
1051 2322 1177 2363 qualem
1200 2322 1404 2358 ostendimus,
1427 2321 1534 2361 paucis
1557 2319 1701 2352 adductis

202 2363 362 2402 exemplis,
386 2373 423 2392 ex
439 2364 552 2403 quibus
567 2370 597 2394 et
612 2364 731 2404 reliqua
747 2364 978 2404 deprehendere
999 2365 1078 2395 licet.

247 2405 408 2442 Quoniam
425 2416 496 2437 vero
511 2407 616 2437 omnis
629 2408 736 2443 oratio,
761 2409 793 2438 in
810 2419 872 2448 qua
887 2408 1031 2439 homines
1045 2419 1077 2439 se
1092 2413 1244 2443 exercent,
1268 2413 1324 2439 aut
1345 2407 1498 2442 historica,
1522 2411 1578 2436 aut.
1601 2404 1700 2436 civilis

201 2454 256 2484 est,
272 2459 330 2489 age
345 2449 505 2484 videamus
520 2460 598 2480 num
614 2456 645 2480 et
659 2451 771 2481 harum
786 2451 876 2482 initia
888 2451 972 2490 apud
988 2452 1082 2482 istum
1099 2452 1169 2481 sint.
1216 2451 1377 2481 Histoi-ica
1391 2449 1518 2491 quidem
1529 2449 1629 2479 oratio
1644 2454 1699 2484 est,

200 2501 271 2532 quae
295 2502 400 2522 rerum
424 2499 582 2533 gestarum
606 2494 817 2524 narrationem
843 2495 990 2525 continet.
1037 2495 1151 2525 Omnis
1177 2500 1284 2524 autem
1312 2493 1497 2524 narrationis
1521 2491 1700 2522 occasiones

201 2541 287 2572 sunt,
303 2545 440 2574 persona,
466 2546 569 2574 causa,
587 2535 686 2575 locus,
700 2543 831 2577 tempus
849 2538 1104 2574 instrumentum,
1128 2537 1218 2573 actio,
1241 2537 1374 2572 affectio,
1389 2535 1511 2571 modus,
1534 2545 1636 2575 neque
1651 2534 1701 2565 ul-

202 2577 233 2608 la
249 2578 395 2609 historica
409 2580 544 2610 narratIO
559 2586 617 2617 est,
641 2580 717 2620 quin
733 2581 849 2622 aliquid
866 2582 998 2612 istorum
1017 2580 1250 2620 complectatur.
1296 2579 1349 2610 Ad
1365 2580 1450 2609 hunc
1464 2577 1596 2609 modum
1621 2584 1652 2608 et
1667 2588 1700 2608 a-

203 2621 269 2660 pud
294 2622 416 2661 po'e‘tam
443 2632 490 2652 res
506 2633 538 2652 se
553 2623 652 2658 habet,
677 2623 754 2653 dum
778 2624 894 2654 multas
920 2635 967 2655 res
986 2631 1135 2665 tanquam
1161 2629 1272 2665 gestas,
1295 2629 1350 2653 aut
1374 2628 1524 2662 tanquam
1542 2627 1700 2661 gerantur,

202 2671 316 2695 narrat.
363 2665 601 2706 Nonnunquam
617 2676 690 2696 vero
704 2672 735 2696 et
749 2667 782 2696 in
798 2667 931 2708 Singulis
940 2669 1053 2698 horum
1071 2668 1261 2697 narrationes
1276 2665 1416 2696 invenire
1429 2664 1510 2696 licet.
1555 2664 1702 2695 Personae

200 2707 341 2747 quidem,
356 2715 392 2738 ut
405 2714 451 2738 est
465 2709 661 2750 hujusmodi.
690 2711 896 2742 Dardanidas
911 2710 1065 2752 interfuit
1083 2712 1133 2742 ille
1149 2711 1260 2746 Dares,
1282 2709 1412 2749 locuplaes
1426 2709 1482 2742 vir,
1505 2708 1636 2747 Integer,
1652 2712 1702 2737 at·

202 2762 260 2791 que
275 2753 327 2782 dei
349 2753 480 2783 Vulcani
500 2759 611 2793 myster,
635 2755 687 2783 cui
708 2755 767 2784 duo
794 2755 912 2789 Filioli,
939 2754 1356 2793 Plngeus,1‹ieus‚ueerque
1378 2753 1497 2791 peritus
1524 2751 1702 2790 Omnigenae

196 2805 323 2834 pugnae.
369 2795 412 2825 Et
436 2795 513 2826 dum
539 2796 655 2826 formas
669 2796 868 2837 quorundam
885 2797 1037 2833 describit,
1061 2802 1097 2827 ut
1123 2797 1157 2826 in
1181 2796 1340 2826 Thersita.
1367 2796 1491 2825 strabus
1515 2799 1588 2828 erat,
1613 2794 1700 2824 clau-

202 2839 319 2879 dusque
343 2840 460 2878 pedem,
491 2845 519 2870 et
546 2840 693 2879 gibbosus,
724 2846 813 2871 acuto
851 2842 974 2876 Vertzce
1008 2842 1147 2871 caesaries
1177 2840 1319 2880 defloruit
1349 2839 1484 2878 undique
1505 2838 1614 2877 turpis.
1657 2835 1702 2865 Et

202 2880 264 2912 alia
292 2881 406 2919 multa,
440 2881 474 2912 in
501 2883 614 2923 quibus
641 2888 698 2913 aut
719 2883 866 2922 speciem,
899 2889 954 2913 aut
979 2893 1094 2921 mores,
1119 2888 1174 2913 aut
1196 2882 1361 2917 actionem,
1385 2887 1440 2911 aut
1463 2880 1623 2911 fortunam
1643 2887 1702 2908 sae-

202 2933 240 2962 pe
266 2925 469 2968 prosequitur,
505 2926 551 2958 sic
575 2932 611 2959 ut
636 2925 670 2958 in
705 2926 772 2960 his:
805 2928 982 2959 Dardanon
1009 2928 1178 2959 αῐιιιυηαιιε
1202 2927 1310 2966 genum
1337 2925 1487 2957 Saturum
1510 2923 1623 2965 proles,
1646 2926 1701 2953 etc.
