1856 3235
231 224 320 268 178
682 217 1240 267 PROLEGOMENA.

224 345 332 394 vilis
355 346 469 393 vitae
492 345 768 405 referretur,
805 350 935 413 apud
957 366 1132 413 gnaros
1174 365 1334 397 rerum
1354 357 1408 397 'et
1431 349 1705 414 intelligen-

227 419 302 458 tes
326 427 452 458 novo
477 412 652 460 decore
694 422 744 461 et
779 415 935 477 gratia
975 414 1196 461 effloruit.

292 476 588 541 Neutiquam
613 479 742 541 apud
765 495 948 536 omnes,
983 480 1118 526 aiunt
1152 479 1319 542 aliqui3
1359 487 1408 526 et
1431 478 1574 526 facile
1615 496 1713 528 cre-

228 542 398 589 dimus.
468 543 700 590 Nondum
739 544 866 591 enim
905 561 1095 606 prorsus
1135 543 1289 606 ejecta
1329 553 1378 591 et
1402 545 1598 608 explosa
1638 553 1712 594 est

228 624 394 655 eorum
417 609 557 666 ratio,
582 609 662 671 qui
690 608 960 655 Homerum
985 616 1035 655 et
1070 608 1419 656 Callimachum
1445 617 1494 657 et
1519 610 1714 673 Virgili-

226 689 310 720 um
335 680 384 720 et
407 673 641 720 Nonnum
667 681 716 720 et
732 673 996 720 Miltonum
1022 673 1193 720 eodem
1209 674 1368 721 animo
1384 674 1574 737 legunt,
1598 692 1710 733 nec,

227 738 345 801 quid
383 738 757 801 uniuscujusque
794 746 908 785 aetas
931 737 1072 796 ferat,
1110 738 1386 800 expendere
1410 739 1621 802 legendo
1663 749 1714 788 et

225 811 505 867 computare
545 803 779 850 laborant.
851 804 1280 851 Reimmannorum
1323 803 1517 866 quidem
1556 821 1710 869 nugas

225 869 388 916 rident
410 869 505 925 isti,
530 869 616 916 sed
638 869 784 916 iidem
809 869 1056 932 aegerrime
1079 868 1261 926 ferunt,
1287 869 1432 916 deum
1464 873 1714 931 poetarum

226 933 397 981 rudem
421 932 567 981 fuisse
591 934 723 981 credi
746 935 796 980 in
819 934 929 997 ipsis
954 933 1204 981 elementis
1230 934 1574 992 doctrinarum,
1599 952 1715 997 quas

224 999 307 1062 qui
331 1006 496 1046 nostro
521 1007 737 1062 tempore
760 1015 909 1062 prope
934 1006 1132 1046 cunctas
1157 999 1567 1062 complectuntur,
1606 1000 1714 1047 Ilia-

227 1065 310 1111 das
334 1071 496 1111 tamen
519 1080 731 1127 pangere
768 1080 868 1111 non
891 1064 1088 1111 audent.
1160 1064 1388 1112 Tantone
1422 1064 1620 1127 ingenio
1657 1074 1713 1113 ut

229 1129 437 1192 denique
461 1145 571 1175 cum
595 1129 706 1192 ipsis
730 1129 822 1176 illis
846 1128 1098 1177 elementis
1122 1129 1395 1177 adimantur
1420 1145 1493 1188 ea,

279 1270 378 1311 Quae
397 1281 500 1306 nunc
519 1269 693 1319 suspensi
708 1269 818 1320 pueri
836 1269 1090 1308 instrumenta
1109 1268 1254 1308 lacerto

279 1321 414 1360 Ludos
432 1321 634 1360 incedunt!

226 1444 323 1492 Sed
347 1444 460 1493 nolo
482 1445 680 1494 irridere
705 1463 804 1506 eos,
829 1463 947 1510 quos
972 1446 1212 1495 dedocere
1236 1445 1329 1493 hoc
1352 1444 1462 1494 loco
1502 1445 1713 1495 alienum

225 1518 299 1557 est
336 1518 386 1558 et
422 1528 591 1574 parum
631 1512 920 1560 modestum.
990 1513 1117 1560 Nam
1156 1519 1268 1559 sunt
1315 1512 1366 1558 in
1403 1512 1458 1559 iis
1495 1511 1714 1561 homines

225 1574 401 1624 Graece
438 1577 710 1641 Latineque
751 1578 1027 1626 doctissimi.
1098 1577 1170 1625 At
1210 1576 1330 1623 illud
1353 1577 1471 1624 mihi
1507 1579 1715 1626 concedi

221 1649 342 1704 puto
367 1659 394 1688 a
415 1641 672 1706 plerisque,
696 1643 746 1690 in
770 1643 970 1691 scientia
1005 1643 1186 1706 linguae
1210 1642 1397 1690 Graecae
1432 1658 1530 1689 non
1568 1660 1711 1691 omne

221 1707 497 1769 praesidium
520 1708 675 1756 inesse
707 1709 769 1756 ad
793 1709 1018 1756 Carmina
1056 1708 1239 1755 ultimae
1274 1709 1525 1755 vetustatis
1561 1725 1621 1756 ex
1644 1710 1715 1756 in-

225 1771 336 1819 dole
362 1780 411 1820 et
434 1773 632 1837 ingenio
656 1782 908 1821 auctorum
932 1773 1265 1837 intelligenda.
1338 1773 1506 1836 Atque
1531 1773 1620 1821 hac
1644 1775 1713 1821 in-

221 1836 495 1901 telligentia
531 1840 611 1902 qui
649 1848 832 1898 carent,
871 1856 951 1887 eos
979 1839 1089 1902 jure
1112 1855 1223 1886 meo
1247 1838 1410 1901 rejicio
1438 1838 1631 1902 judices
1662 1840 1713 1886 in

220 1902 295 1950 his
319 1905 559 1962 omnibUS,
585 1922 691 1968 quae
716 1905 777 1953 de
800 1905 986 1952 ratione
1020 1904 1211 1952 illorum
1249 1912 1521 1966 temporum
1557 1905 1711 1952 dictu-

222 1985 301 2015 rus
325 1985 444 2016 sum.
517 1970 761 2018 Caeterum
786 1971 921 2028 mihi,
963 1986 1120 2033 spero,
1144 1970 1302 2016 minus
1337 1970 1712 2029 succensebunt,

222 2034 281 2081 ab
304 2033 526 2082 Homero
545 2052 643 2082 non
662 2044 760 2083 tam
786 2036 1115 2100 cognitionem
1133 2035 1379 2083 literarum
1404 2051 1546 2098 quam
1570 2052 1711 2082 usum

224 2106 275 2146 et
296 2098 580 2147 facultatem
604 2101 917 2165 abjudicanti.
988 2101 1077 2148 Est
1093 2101 1143 2148 in
1164 2118 1220 2148 ea
1239 2117 1290 2148 re
1310 2100 1556 2163 quiddam,
1582 2101 1713 2164 quod

223 2164 286 2210 ad
309 2181 482 2213 novam
505 2166 700 2214 laudem
741 2167 944 2214 trahant.
1013 2166 1254 2214 Nimirum
1283 2173 1421 2213 tanto
1455 2166 1608 2231 magis
1632 2166 1712 2214 ad-

221 2229 449 2277 miramur
471 2239 660 2279 veteres
685 2232 1006 2295 navigatores,
1031 2232 1163 2295 quod
1184 2231 1292 2279 illos
1320 2247 1484 2278 cursus
1507 2247 1619 2278 suos
1642 2248 1713 2279 re-

221 2311 338 2358 gere
361 2304 626 2358 potuerunt
649 2298 750 2344 sine
773 2297 953 2362 pyxide
978 2298 1196 2355 nautica3
1233 2313 1325 2344 nec
1348 2295 1548 2344 forsitan
1580 2298 1712 2344 omni

222 2360 361 2408 militi
386 2361 531 2409 hodie
556 2362 785 2410 credibile
809 2363 880 2420 fit,
905 2370 1019 2410 ante
1042 2362 1253 2427 pulveris
1276 2362 1439 2410 nitrati
1472 2362 1712 2411 inventio-

223 2441 335 2472 nem
375 2426 711 2475 Alexandrum
735 2428 815 2476 vel
857 2429 1096 2476 Caesarem
1127 2435 1285 2475 tantas
1324 2444 1399 2475 res
1424 2427 1595 2491 egisse,
1637 2436 1712 2476 tot

221 2492 560 2540 munitissimas
595 2494 736 2541 urbes
777 2494 968 2557 cepisse.
1039 2493 1274 2541 Attamen
1316 2493 1590 2540 habuerunt
1625 2493 1712 2552 illi,

223 2557 353 2619 quod
366 2558 576 2621 pulveris
595 2560 758 2606 nitrati
776 2560 932 2607 vicem
952 2560 1063 2607 satis
1082 2558 1239 2607 valide
1258 2557 1486 2622 expleret.
1545 2558 1709 2615 Quan-

222 2629 275 2669 to
299 2622 621 2672 admirabilius
647 2625 736 2672 erit
750 2623 896 2673 fuisse
919 2629 1132 2689 poetam,
1157 2624 1238 2688 qui
1273 2640 1377 2671 eam
1414 2630 1584 2681 artem,
1608 2626 1711 2672 sine

223 2705 317 2751 qua
356 2688 542 2736 nullum
577 2690 740 2753 paullo
774 2690 965 2754 longius
1007 2690 1216 2738 Carmen
1252 2689 1473 2737 videatur
1509 2689 1708 2738 confieri

221 2770 378 2816 posse,
405 2771 552 2818 quum
591 2758 788 2820 cognita
812 2764 955 2814 esset,
996 2772 1058 2803 ne
1083 2754 1360 2803 discendam
1402 2754 1598 2818 quidem
1622 2755 1709 2803 sibi

222 2835 313 2867 nec
337 2821 651 2868 necessariam
677 2821 887 2870 duxerit!

287 2885 501 2945 Etenim,
524 2894 581 2934 ut
604 2887 727 2934 serio
750 2904 851 2935 rem
875 2886 1147 2951 aggrediar,
1170 2885 1439 2933 in·Woodii
1457 2901 1710 2950 argumen-

217 2951 276 2998 tis
299 2951 452 3011 multa
475 2960 588 3001 sunt
610 2952 815 3013 infirma,
839 2953 991 3001 multa
1014 2952 1189 3016 cupide
1209 2952 1420 3016 quaesita.
1442 2952 1444 2954 ’
1492 2951 1705 3000 Philoso-
