1856 3235
615 235 1173 284 PROLEGOMENA.
1569 247 1664 287 255

179 387 324 421 nemo
345 367 609 423 mirabitur,
647 382 797 430 quum
820 366 950 414 idem
975 367 1230 414 videantur
1259 367 1430 416 fecisse
1466 377 1516 417 et
1555 370 1658 429 alii;

177 447 228 486 at
252 453 359 501 quae
381 450 543 483 earum
567 432 691 479 ratio
715 439 765 479 et
789 432 1006 479 conditio
1044 430 1206 487 fuerit,
1245 433 1526 496 conjectura
1564 452 1662 483 ma-

176 503 251 567 gis
284 502 335 548 in
358 499 584 562 ambiguo
609 506 696 545 est.
767 497 895 545 Nam
919 504 1212 545 vetustatem
1251 515 1413 545 earum
1439 501 1660 548 omnibus

175 569 227 615 in
249 565 382 620 locis,
410 564 493 611 ubi
517 570 972 618 commemorantur,
999 562 1121 609 illud
1144 564 1256 610 satis
1281 565 1507 621 ostendit,
1531 567 1662 629 quod

173 631 253 681 vel
296 637 646 693 praeponuntur
701 628 969 684 Zenodoto,
1032 628 1347 691 Aristophani
1393 629 1661 694 horumque

172 695 452 760 aequalibus,
501 694 579 742 vel
618 701 750 742 certe
795 710 907 741 cum
947 694 1020 740 his
1063 702 1441 756 componuntur;
1490 712 1551 742 ne
1599 697 1660 744 de

169 762 275 809 aliis
308 760 503 807 indiciis
535 760 709 816 dicam,
754 775 861 823 quae
897 759 1072 823 passim
1112 760 1190 807 vel
1225 759 1276 805 in
1318 759 1660 808 Graeculorum

160 825 592 890 ‘negligentissima
615 824 832 872 oratione
857 841 1090 888 agnoscas
1106 827 1137 871 ².
1209 825 1335 881 Quae
1359 825 1520 872 omnia
1546 842 1659 874 con-

167 891 402 939 sideranti
426 890 543 937 mihi
567 890 738 953 saepius
762 890 898 937 venit
920 890 971 936 in
1006 897 1236 946 mentem,
1273 899 1330 938 ut
1368 891 1661 938 recensioni-

168 958 258 1006 bus
282 956 355 1003 his
379 956 558 1020 primos
582 955 744 1002 statim
769 954 994 1011 Criticos,
1032 955 1115 1018 qui
1155 956 1314 1003 verius
1339 956 1656 1020 appellantur,

169 1039 281 1070 usos
305 1038 424 1078 esse,
461 1029 606 1084 atque
632 1036 793 1068 earum
821 1021 1160 1068 auctoritatem
1185 1028 1235 1068 et
1258 1023 1455 1069 nomina
1495 1023 1546 1069 in
1589 1023 1657 1071 bi-

169 1087 428 1136 bliothecis
453 1085 828 1133 Ptolemaeorum
852 1086 1113 1149 quaerenda
1137 1086 1444 1149 conjicerem.
1496 1088 1660 1136 Notis-

170 1154 345 1201 simum
369 1161 456 1208 est,
496 1160 731 1215 quantum
758 1151 1036 1215 cupiditatis
1062 1160 1112 1199 et
1136 1168 1266 1200 curae
1305 1152 1355 1199 hi
1395 1170 1533 1217 reges
1573 1155 1661 1201 im-

168 1218 431 1284 penderint
464 1217 514 1264 in
539 1217 675 1264 illum
701 1217 981 1264 thesaurum
1008 1233 1162 1274 suum,
1204 1219 1476 1266 coemendo
1510 1219 1658 1268 libros

170 1284 515 1347 undecunque,
554 1299 610 1330 ac
651 1283 797 1330 modo
834 1283 1074 1346 precibuS,
1111 1299 1242 1330 nunc
1284 1284 1344 1340 vi,
1381 1300 1514 1331 nunc
1555 1285 1660 1333 aliis

168 1350 326 1398 modis
351 1348 683 1412 conquirendo
708 1348 1039 1411 antiquissima
1063 1356 1112 1396 et
1142 1349 1379 1396 rarissima
1419 1350 1659 1414 exempla-

168 1416 241 1464 ria
264 1415 553 1479 scriptorum
583 1414 887 1461 Graecorum.
958 1414 1089 1478 Ergo
1125 1415 1163 1461 si
1202 1414 1328 1463 forte
1372 1415 1659 1464 Antimachi

162 1482 318 1537 heres,
340 1481 421 1544 qui
450 1480 718 1527 Homerum
746 1478 1061 1527 circumferre
1088 1480 1139 1526 in
1164 1481 1324 1528 animo
1349 1489 1399 1529 et
1435 1498 1658 1529 nummos

168 1548 220 1594 in
243 1546 415 1594 loculis
439 1555 636 1601 amaret,
676 1545 896 1593 codicem
923 1545 1165 1593 obtulerat
1187 1563 1333 1593 manu
1367 1547 1658 1611 Colophonii

165 1616 327 1677 poetae
350 1611 583 1675 scriptum
619 1609 697 1657 vel
721 1611 920 1674 ingenio
951 1610 1053 1674 ejus
1079 1611 1343 1667 elimatum,
1372 1612 1658 1660 Ptolemaeos

165 1677 299 1725 haud
324 1677 469 1725 dubie
495 1676 833 1739 cupidissimos
859 1685 1102 1739 emptores
1125 1676 1309 1724 habuit.
1365 1678 1443 1725 Ita
1468 1695 1528 1725 ex
1552 1678 1658 1742 plu-

166 1744 299 1791 ribus
323 1742 442 1790 locis
467 1749 517 1789 et
540 1742 739 1788 urbibus
766 1741 1129 1797 Alexandriam,
1168 1743 1314 1790 etiam
1339 1743 1399 1790 ad
1424 1744 1654 1806 privatos,

165 1807 416 1874 paullatim
442 1806 734 1855 confluxisse
774 1807 1006 1855 videntur
1048 1807 1243 1855 codices
1286 1808 1555 1865 Homerici,
1592 1810 1657 1858 le-

208 1952 228 1973 a
250 1942 334 1979 Quia
348 1952 418 1973 raro
433 1953 498 1973 una
511 1941 656 1983 quaedam
685 1943 799 1972 harum
814 1941 988 1972 editionum
1011 1952 1149 1972 seorsum
1165 1941 1318 1977 laudatur,
1344 1953 1384 1974 ne
1399 1944 1535 1974 eundem
1550 1944 1658 1974 locum

166 1996 291 2016 necesse
305 1986 434 2016 habeam
451 1992 497 2016 ter
511 1992 543 2016 et
556 1991 665 2026 quater
680 1991 795 2019 notare,
812 1995 921 2015 omnes
935 1985 985 2015 hic
1000 1985 1034 2014 in
1050 1995 1148 2015 unam
1163 1986 1274 2016 seriem
1290 1987 1457 2017 conferam.
1502 1987 1658 2028 Pleraque

161 2038 293 2070 ¹illorum
309 2040 367 2070 soli
387 2039 639 2080 praestantissimo
654 2039 719 2069 cod.
745 2041 787 2070 A.
802 2039 916 2075 deberi,
943 2039 1097 2069 evolventi
1112 2040 1284 2078 apparebit:
1312 2041 1351 2071 ad
1373 2041 1408 2071 α’.
1424 2032 1472 2072 ἑῇ.
1489 2045 1561 2072 298.
1584 2045 1657 2071 552.

158 2083 240 2123 38-1.
251 2084 498 2124 maffia}
515 2085 635 2129 5'9533‘.
652 2084 734 2122 Ξῖ
743 2093 782 2132 γ’.
802 2084 849 2122 1—0.
862 2084 1329 2133 5-1.μ’.281.ν’.5-6ἷ.“ξ’.ἶ3ἶ1ἷ
1346 2098 1416 2125 418.
1433 2095 1461 2125 α’.
1473 2085 1521 2124 471.
1534 2085 1659 2125 2221—2'7‘.

165 2144 199 2195 ρ’.
218 2138 336 2177 ffio'.
350 2139 400 2178 5-9.
417 2151 487 2178 502.
504 2147 540 2177 τ’.
557 2139 606 2177 5—6.
623 2150 672 2177 76.
685 2150 735 2176 86.
748 2138 801 2178 3³13.
817 2149 887 2177 117.
902 2150 977 2177 386.
996 2147 1027 2177 η’.
1044 2151 1095 2178 62.
1107 2138 1189 2176 '133⁸ss
1198 2151 1269 2177 308.
1293 2147 1331 2188 φ’.
1350 2152 1398 2179 ιι.
1413 2139 1466 2178 ’8-6.
1495 2139 1554 2178 εἴ.
1588 2151 1658 2181 162.

167 2201 243 2230 351.
258 2203 331 2231 454.
358 2203 428 2232 535.
442 2200 489 2240 χ’.
507 2204 555 2232 51.
574 2204 622 2231 95.
641 2200 688 2238 ψ’.
713 2202 763 2231 77.
779 2203 850 2231 206.
873 2204 944 2231 870.
962 2204 1032 2232 879.
1048 2203 1086 2231 ω’.
1101 2205 1152 2231 30.
1170 2204 1239 2232 109.
1257 2206 1327 2233 192.
1349 2205 1422 2232 532.
1466 2201 1655 2232 Lectoriblm

167 2241 271 2272 adhuc
285 2253 367 2283 aegre
381 2244 558 2273 carentibus
576 2243 678 2273 indice
705 2243 901 2274 Scholion-um
917 2243 1051 2278 illorum,
1069 2245 1149 2273 banc
1172 2254 1299 2283 operam
1315 2253 1453 2275 nostram
1471 2245 1504 2274 in
1530 2245 1659 2285 reliquis

166 2294 290 2326 quoque
308 2292 429 2326 gratam
444 2286 510 2316 fore
525 2296 693 2325 speramus.
739 2286 805 2316 Hic
830 2296 902 2317 vero
916 2286 949 2316 in
966 2287 1073 2325 primis
1088 2297 1140 2317 eos
1155 2297 1311 2323 numeros,
1327 2289 1380 2327 qui
1404 2287 1519 2318 lineola
1543 2288 1658 2328 Signati

166 2334 248 2362 sunt,
265 2328 378 2369 dignos
391 2339 448 2359 sua
469 2339 545 2359 cura
559 2330 694 2360 habeant
708 2329 847 2360 studiosi.
888 2329 938 2359 Sic
953 2330 1038 2360 enim
1054 2330 1156 2360 notavi
1173 2341 1233 2366 eos,
1251 2331 1305 2370 qui
1321 2331 1440 2371 aliquid
1470 2332 1658 2369 promittunt

167 2370 200 2400 in
216 2377 380 2413 utramque
395 2377 514 2411 partem
529 2372 691 2412 insignius
707 2372 756 2402 vel
771 2372 854 2412 quod
870 2372 1115 2411 disputationem
1130 2383 1235 2404 meam
1251 2374 1290 2404 de
1305 2373 1366 2404 illis
1381 2373 1552 2416 3103305172512
1570 2374 1658 2404 illus-

166 2419 235 2444 tret.
281 2414 321 2445 In
338 2415 462 2454 Lipsico
478 2414 544 2445 cod.
571 2416 621 2444 hic
637 2414 715 2444 nihil
738 2421 791 2449 est,
807 2414 891 2455 quod
917 2415 1131 2446 desideremus
1155 2416 1189 2446 in
1206 2417 1343 2452 Venetis,
1369 2417 1429 2447 nisi
1445 2417 1529 2457 quod
1544 2418 1576 2447 in
1603 2417 1660 2447 illo

165 2457 208 2488 ad
224 2457 251 2488 ε’.
267 2461 339 2489 461.
355 2459 474 2488 notatio
496 2457 610 2488 codicis
626 2459 662 2488 B.
679 2457 792 2498 legitur
814 2458 934 2488 auctior
957 2459 1117 2489 mentione
1142 2459 1297 2498 Sinopicae
1319 2466 1351 2490 et
1369 2460 1492 2499 Cypriae
1507 2466 1538 2490 et
1565 2461 1660 2490 Anti-

165 2501 311 2536 macheae,
329 2501 363 2530 in
377 2501 491 2542 quibus
505 2501 603 2530 tribus
617 2500 702 2530 editt.
717 2500 818 2531 Schol.
833 2507 938 2531 narrat
953 2501 1049 2532 fuisse
1061 2507 1211 2533 ΤΡΩΙΑΣ
1229 2502 1248 2532 i.
1264 2513 1289 2533 e.
1314 2505 1424 2546 Τρῳάς,
1439 2513 1512 2533 cum
1528 2503 1591 2534 iota
1605 2503 1659 2533 ad-

167 2543 282 2582 scripto
296 2554 352 2574 seu
367 2544 548 2582 subscripto,
561 2543 645 2583 quod
662 2550 767 2574 tamen
782 2543 816 2573 in
830 2544 976 2583 exemplo
992 2555 1049 2574 suo
1064 2555 1127 2574 nou
1143 2545 1302 2576 invenerat
1317 2547 1482 2576 Lesbonax
1500 2548 1563 2590 mg}
1578 2560 1659 2586 σχη-

165 2587 269 2624 μάτων
284 2586 330 2617 ed.
356 2587 506 2617 Valcken.
522 2597 550 2625 p.
583 2589 652 2616 183.
700 2587 810 2626 Neque
833 2597 905 2617 vero
927 2587 977 2617 hic
1000 2588 1162 2618 Lesbonax
1186 2589 1287 2629 magis
1300 2599 1395 2629 quam
1418 2590 1603 2619 Eustathius
1626 2589 1661 2618 in

169 2628 229 2659 isto
250 2639 341 2660 versu
363 2630 440 2661 vidit
462 2629 622 2671 vulgatam
647 2629 749 2660 adhuc
771 2629 963 2668 scripturam,
988 2630 1043 2660 sed
1057 2641 1135 2667 earn,
1159 2631 1210 2662 cui
1236 2633 1270 2662 in
1293 2632 1403 2662 eodem
1427 2632 1511 2671 Lips.
1535 2631 1661 2662 Scholio

168 2681 251 2702 uuus
265 2678 414 2711 patronus
428 2673 557 2704 affertur
569 2671 760 2703 Ptolemaeus
777 2672 986 2703 Ascalonites:
1013 2675 1029 2706 ἡ
1044 2673 1139 2712 μέντοι
1154 2676 1228 2707 κοινὴ
1243 2675 1262 2708 οῗ
1277 2677 1446 2706 συντίθεται
1460 2676 1509 2704 καὶ
1526 2675 1661 2705 ὁἈηαι-

169 2715 299 2750 Annivm,
317 2717 412 2758 Τρῦας
436 2717 470 2751 ὡς
488 2718 596 2758 Κᾶρας.
644 2716 684 2745 In
700 2721 787 2745 textu
809 2715 851 2745 ibi
867 2715 992 2756 syllabae
1007 2717 1168 2755 posteriori
1192 2710 1289 2761 Τςῶων
1303 2720 1341 2748 ab
1362 2718 1423 2747 alia
1439 2727 1535 2747 manu
1559 2724 1662 2747 vetere

169 2758 409 2797 superscriptum
432 2765 480 2789 est
501 2760 545 2793 είς.
592 2758 746 2788 Redimus
767 2758 806 2788 ad
825 2758 946 2789 Veneta
969 2759 1104 2791 Scholia.
1152 2761 1193 2791 In
1215 2761 1336 2801 quibus,
1360 2761 1385 2790 si
1409 2760 1478 2800 quis
1503 2760 1660 2798 reputat-it,

168 2810 224 2840 per
247 2804 265 2830 8
285 2800 378 2832 libros
400 2811 441 2832 ne
462 2812 564 2832 unum
586 2801 714 2842 quidem
742 2801 906 2842 vestigium
929 2811 1075 2842 apparere
1097 2803 1322 2844 exemplarium
1346 2803 1481 2838 illorum,
1507 2802 1662 2842 intelligat

166 2845 328 2882 oportebit,
352 2844 385 2875 id
406 2845 492 2885 quod
514 2845 546 2875 in
571 2845 620 2875 his
647 2844 910 2884 conjecturalibus
931 2846 1155 2886 quaestionibus
1178 2848 1286 2886 magni
1310 2845 1462 2876 momenti
1485 2851 1539 2880 est,
1565 2855 1662 2887 quam

167 2896 280 2925 parum
295 2887 424 2928 integris
439 2888 553 2919 tabulis
569 2887 616 2919 uti
641 2888 729 2919 nobis
744 2888 917 2929 contigerit,
934 2899 1035 2931 neque
1051 2889 1082 2919 in
1111 2890 1158 2920 his
1174 2896 1279 2921 tamen
1296 2888 1375 2920 nihil
1390 2898 1463 2923 esse,
1481 2888 1566 2920 unde
1592 2898 1666 2929 pro-

166 2929 308 2962 babilitas
323 2929 395 2962 duci
409 2936 510 2972 queat.
