1856 3235
583 233 1139 283 PROLEGOMENA.
1527 239 1620 281 243

129 366 293 432 paullo
314 365 553 415 recentior
575 365 784 420 videtur,
821 379 966 426 quam
1006 362 1154 426 vulgo
1194 370 1407 425 putatu1‚
1446 372 1496 412 et
1529 365 1615 411 mi-

127 450 219 480 nus
260 432 381 479 adeo
403 430 670 493 genuinum
695 445 871 492 corpus
900 428 1204 491 scriptorum,
1242 430 1507 490 praeseitim
1532 447 1612 477 an-

127 498 402 561 tiquiorum.
473 494 568 542 Sed
592 494 653 542 de
677 494 750 541 his
792 502 842 542 et
868 493 1089 540 Arabicis
1130 491 1219 539 illis
1244 493 1613 543 collectionibus

128 563 338 611 viderint
360 560 580 607 homines
616 560 794 607 eruditi
824 559 974 607 literis
999 557 1232 606 Orientis.

195 626 301 674 Ad
317 625 518 673 Graecos
558 626 861 673 revertimur.
932 624 1031 680 Qui
1070 631 1385 688 posteaquam
1429 624 1612 674 Home-

126 709 232 740 rum
273 708 412 738 suum
454 690 768 754 collegerant,
820 707 1054 754 perquam
1090 689 1348 737 verisimile
1390 698 1476 746 est,
1533 708 1613 739 eos

127 757 329 806 eandem
354 773 517 804 curam
542 757 705 804 statim
746 756 808 803 ad
842 756 1026 818 reliqua
1059 755 1395 828 praestantiora
1429 756 1613 804 Carmi-

125 840 188 870 na
211 823 426 886 supparis
450 822 540 869 aevi
564 822 850 869 traduxisse.
921 821 1068 877 Qua
1056 837 1106 867 1n
1130 838 1181 868 re
1201 822 1427 884 equidem
1451 822 1611 870 minus

122 889 270 936 miror
310 888 556 935 silentium
597 886 911 950 antiquitati-s.
1005 886 1132 933 Nam
1173 886 1322 934 semel
1360 888 1611 951 proposito

122 953 345 1017 exemplo
369 970 516 1017 opera
537 953 628 1000 ista
651 969 748 1000 non
773 952 935 1016 potuit
959 951 1222 999 admodum
1247 952 1453 1000 difficilis
1478 970 1608 1013 esse3

121 1036 281 1083 neque
304 1020 355 1066 in
379 1020 474 1067 alio
495 1018 596 1067 ullo
621 1019 848 1066 Carmine
873 1026 973 1065 tam
990 1017 1292 1065 artificiosam
1314 1027 1609 1068 structuram

122 1085 370 1149 quaesitam
395 1085 629 1133 videmus.
702 1085 876 1148 Itaque
915 1100 1008 1131 nec
1039 1083 1227 1131 caeteris
1251 1083 1463 1147 reliquiis
1507 1085 1609 1133 Ho-

120 1151 314 1199 mericis
338 1168 431 1199 nec
460 1151 736 1198 Hesiodicis
761 1149 1040 1206 defuerunt,
1066 1158 1122 1196 ut
1146 1149 1330 1212 opinor,
1368 1151 1612 1198 διασκευασ-

125 1218 211 1273 wi,
248 1217 330 1280 qui
370 1217 636 1280 singulares
673 1216 949 1280 rhapsodias
974 1223 1338 1271 connecterent,
1377 1217 1476 1264 sive
1518 1234 1611 1274 eas,

124 1299 233 1346 quae
274 1283 332 1330 ab
357 1283 470 1346 ipsis
495 1283 773 1330 auctoribus
795 1282 858 1329 ad
889 1282 1093 1330 eandem
1134 1280 1338 1328 formam
1377 1283 1613 1346 composi-

123 1357 188 1396 tae
212 1356 364 1405 erant,
402 1365 501 1396 uno
531 1349 779 1396 volumine
819 1348 1277 1412 complecterentur,
1315 1356 1371 1395 ut
1415 1350 1615 1395 Καταλό-

123 1434 222 1476 γους
252 1419 450 1475 γυναικῶν
474 1415 551 1462 vel
583 1416 737 1468 Ἠοίας
758 1417 969 1478 μεγάλας.
1041 1414 1279 1477 Idemque
1315 1430 1415 1461 non
1457 1415 1614 1462 multo

125 1489 237 1545 post
261 1481 583 1529 Pisistratidas
611 1480 796 1528 factum
836 1480 1053 1544 suspicor
1090 1480 1140 1526 in
1183 1479 1380 1544 cyclicis
1419 1488 1467 1527 et
1510 1480 1615 1528 aliis

121 1546 288 1594 multis
314 1546 636 1602 Carminibus,
673 1563 795 1610 quae,
821 1546 965 1593 hodie
989 1546 1072 1593 vix
1107 1546 1304 1593 nomine
1343 1555 1477 1601 nota,
1515 1562 1615 1594 non

124 1613 458 1686 pervenissent
483 1612 544 1659 ad
579 1613 812 1660 saeculum
850 1611 1238 1666 Ptolemaeorum,
1276 1611 1369 1659 nisi
1408 1620 1513 1659 tum
1555 1613 1614 1660 ab

121 1678 326 1727 interitu
348 1678 426 1726 vel
449 1678 585 1725 novis
611 1678 898 1742 corruptelis
924 1695 1030 1725 serv
1033 1686 1111 1725 ata
1135 1685 1310 1724 essent.

190 1744 267 1791 Ex
291 1744 460 1791 eadem
485 1752 629 1792 aetate
653 1744 864 1807 denique
888 1743 1168 1807 repetendae
1199 1743 1430 1791 videntur
1468 1743 1614 1808 pluri-

122 1827 205 1858 um
230 1826 431 1874 operum
455 1809 587 1858 falsae
611 1810 967 1884 inscriptiones,
1006 1826 1171 1873 quum,
1210 1809 1447 1873 quidquid
1490 1809 1612 1873 ejus-

124 1876 237 1924 dem
262 1875 364 1924 fere
388 1877 492 1923 soni
517 1885 567 1923 et
591 1876 867 1940 argumenti
902 1885 1045 1933 esset,
1081 1876 1166 1923 uni
1206 1876 1395 1923 auct01i
1435 1876 1616 1924 tribue-

122 1950 271 1998 retur,
312 1942 565 1989 Homero
553 1959 603 1989 1n
627 1943 793 2005 primls
819 1950 868 1989 et
895 1941 1130 1997 Hesiodo,
1169 1942 1251 2004 qui
1286 1941 1478 2005 fulgore
1520 1942 1614 1990 cla-

121 2008 277 2055 ritatis
316 2024 414 2055 suae
461 2016 750 2056 caeterorum
796 2007 1060 2055 luminibus
1101 2006 1380 2055 offecerant.
1451 2007 1616 2063 Quid?

124 2073 257 2137 quod
295 2073 540 2121 interdum
582 2074 727 2122 etiam
774 2073 1093 2120 maximarum
1130 2089 1292 2120 rerum
1334 2073 1615 2121 diversitate

123 2138 243 2185 nihil
278 2140 561 2187 movebatur
596 2139 795 2202 antiqua
819 2138 1096 2186 credulitas.
1167 2138 1247 2186 lta
1280 2139 1479 2186 tandem
1514 2139 1616 2187 He-

121 2204 325 2252 rodotus
348 2205 530 2268 primus
555 2213 628 2253 est
653 2213 856 2252 conatus
882 2205 980 2252 duo
1021 2204 1249 2252 Carmina
1288 2204 1469 2251 familia
1512 2204 1615 2253 Ho-

121 2270 305 2318 merica
346 2287 664 2327 ειιιῐιιῐιονειθ,
693 2271 873 2344 Cypiia
897 2280 947 2317 et
979 2270 1260 2334 Epigonos
1264 2306 1276 2326 ‚
1315 2270 1393 2317 alii
1435 2269 1614 2318 deinde

125 2335 352 2400 Hymnos
394 2343 444 2384 et
483 2336 588 2392 alia,
641 2337 800 2384 donec
832 2335 1032 2400 judiciis
1073 2335 1418 2383 nonnullorum
1462 2335 1613 2384 Alex-

123 2401 438 2449 andrinorum
463 2402 611 2466 vulgo
653 2419 818 2449 omnes
859 2402 1223 2465 acquieverunt.
1295 2402 1375 2449 De
1416 2402 1509 2450 hoc
1532 2419 1616 2476 ge-

123 2483 240 2516 nere
265 2467 487 2531 quaedam
512 2484 611 2515 non
641 2468 846 2531 protrita
881 2479 1190 2532 apponerem,
1229 2467 1267 2514 si
1301 2467 1420 2514 mihi
1453 2469 1616 2532 potius

124 2550 197 2590 eo,
237 2550 332 2597 quo
356 2534 532 2582 invitat
563 2534 778 2590 materia,
816 2550 958 2597 quam
998 2550 1095 2598 quo
1136 2533 1289 2591 ducit,
1328 2535 1463 2598 sequi
1504 2533 1617 2582 lice-

122 2607 198 2647 ret
213 2598 247 2647 b.

164 2748 183 2768 a
206 2739 345 2772 11.117.
369 2740 514 2772 Alterum
530 2740 635 2772 locum
652 2740 831 2772 dubitanter
845 2738 935 2777 addo,
955 2740 1016 2772 tv.
1033 2743 1092 2777 32„
1111 2739 1165 2771 ubi
1180 2740 1259 2771 mihi
1273 2740 1432 2772 interdum
1449 2749 1531 2770 visus
1546 2749 1617 2769 sum

123 2780 158 2811 in
175 2782 223 2812 his
237 2783 344 2820 verbis,
367 2786 439 2816 ἀλλ’
454 2786 517 2816 ‘inc
520 2785 602 2824 ὁδῳκ
585 2799 613 2815 κ.
630 2799 656 2815 τ.
676 2792 706 2815 λ.
722 2785 962 2815 annotationem
978 2784 1082 2826 legere
1098 2785 1210 2815 veteris
1227 2784 1422 2816 Grammatit
1414 2784 1443 2818 i,
1467 2792 1531 2813 non
1548 2782 1618 2813 He-

132 2824 243 2855 rodoti.
288 2826 362 2857 De'
354 2837 420 2866 ipsa
434 2838 467 2858 re
481 2828 562 2858 conf.
578 2829 608 2868 §.
627 2827 768 2858 XXIII.
790 2834 865 2858 extr.

164 2868 184 2897 b
206 2867 318 2900 Unum
332 2869 383 2900 hic
397 2869 525 2902 afferam
543 2871 650 2910 paucis
665 2871 772 2907 verbis,
790 2871 886 2912 longa
901 2870 1036 2911 dignum
1051 2870 1265 2910 explicatione,
1283 2881 1320 2900 ex
1339 2879 1424 2909 quoi
1416 2867 1617 2908 intelligetur,

123 2919 186 2950 quo
201 2921 371 2953 progressae
385 2913 448 2944 sint
462 2913 674 2945 dubitationes
703 2914 885 2945 Graecorum
908 2914 1046 2953 ipsorum
1065 2914 1132 2954 jam
1155 2921 1227 2945 ante
1252 2911 1491 2944 Alexandrinos.
1538 2910 1620 2946 Quae

129 2963 176 2983 res
190 2954 283 2986 simul
298 2957 455 2988 excusabit
469 2957 702 2998 quodammodo
718 2957 880 2990 audaciam
897 2964 1042 2994 nostram,
1055 2957 1151 2990 simul
1166 2967 1247 2990 novo
1262 2961 1448 2997 argumento
1459 2954 1525 2992 erit,
1537 2953 1620 2986 muh-
