<?xml version="1.0" encoding="UTF-8"?>
<!DOCTYPE html PUBLIC "-//W3C//DTD XHTML 1.0 Transitional//EN"
    "http://www.w3.org/TR/xhtml1/DTD/xhtml1-transitional.dtd">
<html xmlns="http://www.w3.org/1999/xhtml" xml:lang="en" lang="en">
 <head>
  <title>
</title>
<meta http-equiv="Content-Type" content="text/html;charset=utf-8" />
  <meta name='ocr-system' content='tesseract 3.04.00' />
  <meta name='ocr-capabilities' content='ocr_page ocr_carea ocr_par ocr_line ocrx_word'/>
</head>
<body>
  <div class='ocr_page' id='page_1' title='image "./operaomnia05home/operaomnia05home_0015.png"; bbox 0 0 1856 3235; ppageno 0'>
   <div class='ocr_carea' id='block_1_1' title="bbox 150 216 1669 2849">
    <p class='ocr_par' dir='ltr' id='par_1_1' title="bbox 150 216 1669 2849">
     <span class='ocr_line' id='line_1_1' title="bbox 903 216 956 264; baseline 0.019 -1"><span class='ocrx_word' id='word_1_1' title='bbox 903 216 956 264; x_wconf 89' lang='lat' dir='ltr'>iii</span> 
     </span>
     <span class='ocr_line' id='line_1_2' title="bbox 163 327 1662 398; baseline 0.001 -14"><span class='ocrx_word' id='word_1_2' title='bbox 163 350 288 393; x_wconf 73' lang='lat' dir='ltr'>toreS,</span> <span class='ocrx_word' id='word_1_3' title='bbox 320 356 427 392; x_wconf 87' lang='lat' dir='ltr'>eum,</span> <span class='ocrx_word' id='word_1_4' title='bbox 459 341 530 398; x_wconf 89' lang='lat' dir='ltr'>qui</span> <span class='ocrx_word' id='word_1_5' title='bbox 549 340 594 382; x_wconf 92' lang='lat' dir='ltr'>in</span> <span class='ocrx_word' id='word_1_6' title='bbox 615 339 856 397; x_wconf 82' lang='lat' dir='ltr'>Apollinem</span> <span class='ocrx_word' id='word_1_7' title='bbox 876 348 949 390; x_wconf 79' lang='lat' dir='ltr'>est,</span> <span class='ocrx_word' id='word_1_8' title='bbox 981 339 1106 382; x_wconf 87' lang='lat' dir='ltr'>etiam</span> <span class='ocrx_word' id='word_1_9' title='bbox 1136 338 1397 396; x_wconf 65' lang='lat' dir='ltr'>ffuqydz‘des,</span> <span class='ocrx_word' id='word_1_10' title='bbox 1419 327 1662 385; x_wconf 81' lang='lat' dir='ltr'>memorent.</span> 
     </span>
     <span class='ocr_line' id='line_1_3' title="bbox 163 421 1662 481; baseline -0.001 -14"><span class='ocrx_word' id='word_1_11' title='bbox 163 425 235 467; x_wconf 90' lang='lat' dir='ltr'>De</span> <span class='ocrx_word' id='word_1_12' title='bbox 254 424 401 481; x_wconf 91' lang='lat' dir='ltr'>quibus</span> <span class='ocrx_word' id='word_1_13' title='bbox 422 423 559 465; x_wconf 88' lang='lat' dir='ltr'><strong>dicere</strong></span> <span class='ocrx_word' id='word_1_14' title='bbox 577 423 659 464; x_wconf 91' lang='lat' dir='ltr'>hoc</span> <span class='ocrx_word' id='word_1_15' title='bbox 678 431 878 478; x_wconf 88' lang='lat' dir='ltr'>tempore,</span> <span class='ocrx_word' id='word_1_16' title='bbox 910 437 1004 478; x_wconf 85' lang='lat' dir='ltr'>quae</span> <span class='ocrx_word' id='word_1_17' title='bbox 1034 422 1087 463; x_wconf 90' lang='lat' dir='ltr'>ab</span> <span class='ocrx_word' id='word_1_18' title='bbox 1118 422 1250 463; x_wconf 89' lang='lat' dir='ltr'>doctis</span> <span class='ocrx_word' id='word_1_19' title='bbox 1279 421 1517 465; x_wconf 82' lang='lat' dir='ltr'>hominibus</span> <span class='ocrx_word' id='word_1_20' title='bbox 1539 439 1662 480; x_wconf 89' lang='lat' dir='ltr'>super</span> 
     </span>
     <span class='ocr_line' id='line_1_4' title="bbox 164 501 1664 559; baseline -0.001 -12"><span class='ocrx_word' id='word_1_21' title='bbox 164 520 310 548; x_wconf 88' lang='lat' dir='ltr'>eorum</span> <span class='ocrx_word' id='word_1_22' title='bbox 330 504 567 546; x_wconf 85' lang='lat' dir='ltr'>auctoribus</span> <span class='ocrx_word' id='word_1_23' title='bbox 586 501 863 559; x_wconf 85' lang='lat' dir='ltr'>disputantur,</span> <span class='ocrx_word' id='word_1_24' title='bbox 884 517 961 545; x_wconf 88' lang='lat' dir='ltr'>nec</span> <span class='ocrx_word' id='word_1_25' title='bbox 981 516 1144 545; x_wconf 89' lang='lat' dir='ltr'>necesse</span> <span class='ocrx_word' id='word_1_26' title='bbox 1164 510 1237 553; x_wconf 88' lang='lat' dir='ltr'>est,</span> <span class='ocrx_word' id='word_1_27' title='bbox 1259 516 1337 543; x_wconf 89' lang='lat' dir='ltr'>nec</span> <span class='ocrx_word' id='word_1_28' title='bbox 1356 502 1410 544; x_wconf 88' lang='lat' dir='ltr'>ad</span> <span class='ocrx_word' id='word_1_29' title='bbox 1429 503 1664 546; x_wconf 88' lang='lat' dir='ltr'>institutum</span> 
     </span>
     <span class='ocr_line' id='line_1_5' title="bbox 164 583 1662 643; baseline -0.003 -13"><span class='ocrx_word' id='word_1_30' title='bbox 164 602 268 643; x_wconf 92' lang='lat' dir='ltr'>opus</span> <span class='ocrx_word' id='word_1_31' title='bbox 301 586 477 627; x_wconf 91' lang='lat' dir='ltr'>multum</span> <span class='ocrx_word' id='word_1_32' title='bbox 519 584 731 640; x_wconf 80' lang='lat' dir='ltr'><strong>profuerit,</strong></span> <span class='ocrx_word' id='word_1_33' title='bbox 762 585 994 639; x_wconf 88' lang='lat' dir='ltr'>praesertim</span> <span class='ocrx_word' id='word_1_34' title='bbox 1025 599 1120 626; x_wconf 92' lang='lat' dir='ltr'>cum</span> <span class='ocrx_word' id='word_1_35' title='bbox 1149 585 1194 625; x_wconf 92' lang='lat' dir='ltr'>in</span> <span class='ocrx_word' id='word_1_36' title='bbox 1222 583 1414 626; x_wconf 87' lang='lat' dir='ltr'>manibus</span> <span class='ocrx_word' id='word_1_37' title='bbox 1444 585 1524 625; x_wconf 91' lang='lat' dir='ltr'>sint</span> <span class='ocrx_word' id='word_1_38' title='bbox 1554 584 1662 635; x_wconf 84' lang='lat' dir='ltr'>libri,</span> 
     </span>
     <span class='ocr_line' id='line_1_6' title="bbox 162 664 1663 724; baseline -0.001 -16"><span class='ocrx_word' id='word_1_39' title='bbox 162 667 310 724; x_wconf 92' lang='lat' dir='ltr'>quibus</span> <span class='ocrx_word' id='word_1_40' title='bbox 329 665 513 724; x_wconf 84' lang='lat' dir='ltr'>legendis</span> <span class='ocrx_word' id='word_1_41' title='bbox 533 664 698 706; x_wconf 85' lang='lat' dir='ltr'>abunde</span> <span class='ocrx_word' id='word_1_42' title='bbox 718 664 905 706; x_wconf 84' lang='lat' dir='ltr'>satisfieri</span> <span class='ocrx_word' id='word_1_43' title='bbox 933 665 1111 707; x_wconf 89' lang='lat' dir='ltr'>incertas</span> <span class='ocrx_word' id='word_1_44' title='bbox 1141 665 1356 720; x_wconf 88' lang='lat' dir='ltr'>opiniones</span> <span class='ocrx_word' id='word_1_45' title='bbox 1386 665 1489 706; x_wconf 91' lang='lat' dir='ltr'>scire</span> <span class='ocrx_word' id='word_1_46' title='bbox 1508 667 1663 707; x_wconf 86' lang='lat' dir='ltr'>aventi-</span> 
     </span>
     <span class='ocr_line' id='line_1_7' title="bbox 162 746 1665 804; baseline 0 -14"><span class='ocrx_word' id='word_1_47' title='bbox 162 749 240 790; x_wconf 92' lang='lat' dir='ltr'>bus</span> <span class='ocrx_word' id='word_1_48' title='bbox 259 748 398 804; x_wconf 84' lang='lat' dir='ltr'><strong>possit.</strong></span> <span class='ocrx_word' id='word_1_49' title='bbox 461 747 545 788; x_wconf 96' lang='lat' dir='ltr'>Eos</span> <span class='ocrx_word' id='word_1_50' title='bbox 566 761 660 788; x_wconf 91' lang='lat' dir='ltr'>cum</span> <span class='ocrx_word' id='word_1_51' title='bbox 679 747 807 802; x_wconf 84' lang='lat' dir='ltr'>ipsius</span> <span class='ocrx_word' id='word_1_52' title='bbox 830 746 1011 788; x_wconf 82' lang='lat' dir='ltr'>Homeri</span> <span class='ocrx_word' id='word_1_53' title='bbox 1034 746 1299 788; x_wconf 83' lang='lat' dir='ltr'>Carminibus</span> <span class='ocrx_word' id='word_1_54' title='bbox 1329 748 1465 789; x_wconf 88' lang='lat' dir='ltr'>statim</span> <span class='ocrx_word' id='word_1_55' title='bbox 1485 748 1529 788; x_wconf 91' lang='lat' dir='ltr'>in</span> <span class='ocrx_word' id='word_1_56' title='bbox 1550 749 1665 803; x_wconf 89' lang='lat' dir='ltr'>prin-</span> 
     </span>
     <span class='ocr_line' id='line_1_8' title="bbox 164 827 1664 885; baseline 0 -14"><span class='ocrx_word' id='word_1_57' title='bbox 164 830 273 885; x_wconf 91' lang='lat' dir='ltr'>cipio</span> <span class='ocrx_word' id='word_1_58' title='bbox 293 829 424 871; x_wconf 89' lang='lat' dir='ltr'>editos</span> <span class='ocrx_word' id='word_1_59' title='bbox 444 843 529 870; x_wconf 88' lang='lat' dir='ltr'>esse</span> <span class='ocrx_word' id='word_1_60' title='bbox 549 829 644 869; x_wconf 83' lang='lat' dir='ltr'>satis</span> <span class='ocrx_word' id='word_1_61' title='bbox 665 834 837 878; x_wconf 85' lang='lat' dir='ltr'>constat,</span> <span class='ocrx_word' id='word_1_62' title='bbox 855 835 896 869; x_wconf 91' lang='lat' dir='ltr'>et</span> <span class='ocrx_word' id='word_1_63' title='bbox 915 827 968 869; x_wconf 86' lang='lat' dir='ltr'>ab</span> <span class='ocrx_word' id='word_1_64' title='bbox 988 828 1049 877; x_wconf 89' lang='lat' dir='ltr'>iis,</span> <span class='ocrx_word' id='word_1_65' title='bbox 1071 828 1142 884; x_wconf 90' lang='lat' dir='ltr'>qui</span> <span class='ocrx_word' id='word_1_66' title='bbox 1161 835 1255 882; x_wconf 80' lang='lat' dir='ltr'>post</span> <span class='ocrx_word' id='word_1_67' title='bbox 1275 828 1521 869; x_wconf 80' lang='lat' dir='ltr'><em>Demetrium</em></span> <span class='ocrx_word' id='word_1_68' title='bbox 1537 827 1664 880; x_wconf 86' lang='lat' dir='ltr'>fuere,</span> 
     </span>
     <span class='ocr_line' id='line_1_9' title="bbox 162 908 1665 965; baseline 0 -12"><span class='ocrx_word' id='word_1_69' title='bbox 162 911 388 954; x_wconf 85' lang='lat' dir='ltr'>editoribus</span> <span class='ocrx_word' id='word_1_70' title='bbox 408 912 467 952; x_wconf 90' lang='lat' dir='ltr'>ita</span> <span class='ocrx_word' id='word_1_71' title='bbox 498 910 706 965; x_wconf 86' lang='lat' dir='ltr'>repetitos,</span> <span class='ocrx_word' id='word_1_72' title='bbox 738 917 785 950; x_wconf 93' lang='lat' dir='ltr'>ut</span> <span class='ocrx_word' id='word_1_73' title='bbox 810 908 915 949; x_wconf 79' lang='lat' dir='ltr'>nihil</span> <span class='ocrx_word' id='word_1_74' title='bbox 945 909 993 950; x_wconf 90' lang='lat' dir='ltr'>iis</span> <span class='ocrx_word' id='word_1_75' title='bbox 1026 908 1326 950; x_wconf 83' lang='lat' dir='ltr'>emendationis</span> <span class='ocrx_word' id='word_1_76' title='bbox 1355 923 1430 964; x_wconf 90' lang='lat' dir='ltr'>per</span> <span class='ocrx_word' id='word_1_77' title='bbox 1463 909 1665 953; x_wconf 89' lang='lat' dir='ltr'>librorum</span> 
     </span>
     <span class='ocr_line' id='line_1_10' title="bbox 165 990 1665 1049; baseline -0.001 -14"><span class='ocrx_word' id='word_1_78' title='bbox 165 994 414 1049; x_wconf 88' lang='lat' dir='ltr'>scriptorum</span> <span class='ocrx_word' id='word_1_79' title='bbox 443 991 598 1033; x_wconf 85' lang='lat' dir='ltr'>auxilia</span> <span class='ocrx_word' id='word_1_80' title='bbox 617 991 844 1032; x_wconf 86' lang='lat' dir='ltr'>accesserit.</span> <span class='ocrx_word' id='word_1_81' title='bbox 906 990 1053 1046; x_wconf 88' lang='lat' dir='ltr'>Itaque</span> <span class='ocrx_word' id='word_1_82' title='bbox 1073 990 1247 1031; x_wconf 83' lang='lat' dir='ltr'>varietas</span> <span class='ocrx_word' id='word_1_83' title='bbox 1268 990 1531 1046; x_wconf 85' lang='lat' dir='ltr'>antiquarum</span> <span class='ocrx_word' id='word_1_84' title='bbox 1546 992 1665 1035; x_wconf 84' lang='lat' dir='ltr'>editi-</span> 
     </span>
     <span class='ocr_line' id='line_1_11' title="bbox 163 1071 1666 1129; baseline -0.002 -11"><span class='ocrx_word' id='word_1_85' title='bbox 163 1090 291 1119; x_wconf 88' lang='lat' dir='ltr'>onum</span> <span class='ocrx_word' id='word_1_86' title='bbox 310 1074 395 1116; x_wconf 89' lang='lat' dir='ltr'>fere</span> <span class='ocrx_word' id='word_1_87' title='bbox 429 1082 489 1115; x_wconf 89' lang='lat' dir='ltr'>est</span> <span class='ocrx_word' id='word_1_88' title='bbox 508 1074 552 1114; x_wconf 92' lang='lat' dir='ltr'>in</span> <span class='ocrx_word' id='word_1_89' title='bbox 573 1072 796 1128; x_wconf 88' lang='lat' dir='ltr'>spiritibus,</span> <span class='ocrx_word' id='word_1_90' title='bbox 829 1072 1077 1122; x_wconf 84' lang='lat' dir='ltr'>accentibus,</span> <span class='ocrx_word' id='word_1_91' title='bbox 1109 1080 1151 1112; x_wconf 89' lang='lat' dir='ltr'>et</span> <span class='ocrx_word' id='word_1_92' title='bbox 1170 1071 1499 1114; x_wconf 86' lang='lat' dir='ltr'>aberrationibus</span> <span class='ocrx_word' id='word_1_93' title='bbox 1519 1088 1666 1129; x_wconf 87' lang='lat' dir='ltr'>opera-</span> 
     </span>
     <span class='ocr_line' id='line_1_12' title="bbox 160 1152 1666 1212; baseline -0.001 -14"><span class='ocrx_word' id='word_1_94' title='bbox 160 1170 255 1198; x_wconf 92' lang='lat' dir='ltr'>rum</span> <span class='ocrx_word' id='word_1_95' title='bbox 275 1154 680 1212; x_wconf 84' lang='lat' dir='ltr'>typographicarum.</span> <span class='ocrx_word' id='word_1_96' title='bbox 744 1153 899 1195; x_wconf 83' lang='lat' dir='ltr'>Caussa</span> <span class='ocrx_word' id='word_1_97' title='bbox 928 1161 1002 1203; x_wconf 91' lang='lat' dir='ltr'>est,</span> <span class='ocrx_word' id='word_1_98' title='bbox 1025 1153 1188 1208; x_wconf 82' lang='lat' dir='ltr'>opinor,</span> <span class='ocrx_word' id='word_1_99' title='bbox 1214 1152 1319 1203; x_wconf 88' lang='lat' dir='ltr'>haec,</span> <span class='ocrx_word' id='word_1_100' title='bbox 1342 1154 1455 1210; x_wconf 94' lang='lat' dir='ltr'>quod</span> <span class='ocrx_word' id='word_1_101' title='bbox 1475 1155 1666 1211; x_wconf 86' lang='lat' dir='ltr'>exempla</span> 
     </span>
     <span class='ocr_line' id='line_1_13' title="bbox 160 1234 1663 1293; baseline -0.001 -14"><span class='ocrx_word' id='word_1_102' title='bbox 160 1238 311 1293; x_wconf 86' lang='lat' dir='ltr'>scripta</span> <span class='ocrx_word' id='word_1_103' title='bbox 331 1244 426 1278; x_wconf 88' lang='lat' dir='ltr'>sunt</span> <span class='ocrx_word' id='word_1_104' title='bbox 445 1236 570 1292; x_wconf 88' lang='lat' dir='ltr'>longe</span> <span class='ocrx_word' id='word_1_105' title='bbox 589 1234 809 1284; x_wconf 82' lang='lat' dir='ltr'>rarissima,</span> <span class='ocrx_word' id='word_1_106' title='bbox 830 1249 884 1275; x_wconf 92' lang='lat' dir='ltr'>ne</span> <span class='ocrx_word' id='word_1_107' title='bbox 903 1234 948 1274; x_wconf 92' lang='lat' dir='ltr'>in</span> <span class='ocrx_word' id='word_1_108' title='bbox 974 1234 1296 1276; x_wconf 81' lang='lat' dir='ltr'>instructissimis</span> <span class='ocrx_word' id='word_1_109' title='bbox 1317 1235 1484 1290; x_wconf 88' lang='lat' dir='ltr'>quidem</span> <span class='ocrx_word' id='word_1_110' title='bbox 1506 1236 1663 1278; x_wconf 88' lang='lat' dir='ltr'>Biblio-</span> 
     </span>
     <span class='ocr_line' id='line_1_14' title="bbox 159 1314 1669 1375; baseline 0.002 -16"><span class='ocrx_word' id='word_1_111' title='bbox 159 1318 289 1360; x_wconf 84' lang='lat' dir='ltr'>thecis</span> <span class='ocrx_word' id='word_1_112' title='bbox 304 1316 577 1372; x_wconf 81' lang='lat' dir='ltr'>reperiuntur.</span> <span class='ocrx_word' id='word_1_113' title='bbox 638 1314 785 1370; x_wconf 87' lang='lat' dir='ltr'>Itaque</span> <span class='ocrx_word' id='word_1_114' title='bbox 804 1329 882 1355; x_wconf 90' lang='lat' dir='ltr'>nec</span> <span class='ocrx_word' id='word_1_115' title='bbox 900 1315 945 1355; x_wconf 90' lang='lat' dir='ltr'>in</span> <span class='ocrx_word' id='word_1_116' title='bbox 967 1314 1231 1356; x_wconf 85' lang='lat' dir='ltr'>Barnesianis</span> <span class='ocrx_word' id='word_1_117' title='bbox 1251 1315 1462 1358; x_wconf 88' lang='lat' dir='ltr'>codicibus</span> <span class='ocrx_word' id='word_1_118' title='bbox 1482 1316 1572 1369; x_wconf 84' lang='lat' dir='ltr'>fuit,</span> <span class='ocrx_word' id='word_1_119' title='bbox 1594 1321 1669 1375; x_wconf 89' lang='lat' dir='ltr'>qui</span> 
     </span>
     <span class='ocr_line' id='line_1_15' title="bbox 162 1396 1667 1454; baseline 0.003 -15"><span class='ocrx_word' id='word_1_120' title='bbox 162 1398 340 1454; x_wconf 85' lang='lat' dir='ltr'>hymnos</span> <span class='ocrx_word' id='word_1_121' title='bbox 370 1396 553 1446; x_wconf 89' lang='lat' dir='ltr'>haberet,</span> <span class='ocrx_word' id='word_1_122' title='bbox 589 1409 666 1436; x_wconf 90' lang='lat' dir='ltr'>nec</span> <span class='ocrx_word' id='word_1_123' title='bbox 696 1410 945 1451; x_wconf 86' lang='lat' dir='ltr'>quemquam</span> <span class='ocrx_word' id='word_1_124' title='bbox 980 1396 1077 1446; x_wconf 89' lang='lat' dir='ltr'>scio,</span> <span class='ocrx_word' id='word_1_125' title='bbox 1109 1396 1180 1452; x_wconf 88' lang='lat' dir='ltr'>qui</span> <span class='ocrx_word' id='word_1_126' title='bbox 1209 1396 1253 1437; x_wconf 89' lang='lat' dir='ltr'>in</span> <span class='ocrx_word' id='word_1_127' title='bbox 1282 1397 1331 1438; x_wconf 91' lang='lat' dir='ltr'>iis</span> <span class='ocrx_word' id='word_1_128' title='bbox 1360 1397 1531 1441; x_wconf 90' lang='lat' dir='ltr'>edendis</span> <span class='ocrx_word' id='word_1_129' title='bbox 1558 1400 1667 1443; x_wconf 89' lang='lat' dir='ltr'>libro</span> 
     </span>
     <span class='ocr_line' id='line_1_16' title="bbox 160 1475 1666 1534; baseline 0.003 -15"><span class='ocrx_word' id='word_1_130' title='bbox 160 1478 314 1532; x_wconf 87' lang='lat' dir='ltr'>scripto</span> <span class='ocrx_word' id='word_1_131' title='bbox 334 1492 377 1518; x_wconf 88' lang='lat' dir='ltr'>se</span> <span class='ocrx_word' id='word_1_132' title='bbox 395 1491 514 1517; x_wconf 91' lang='lat' dir='ltr'>usum</span> <span class='ocrx_word' id='word_1_133' title='bbox 530 1475 787 1530; x_wconf 89' lang='lat' dir='ltr'>profiteatur.</span> <span class='ocrx_word' id='word_1_134' title='bbox 850 1476 1015 1517; x_wconf 91' lang='lat' dir='ltr'>Primus</span> <span class='ocrx_word' id='word_1_135' title='bbox 1029 1477 1073 1516; x_wconf 91' lang='lat' dir='ltr'>in</span> <span class='ocrx_word' id='word_1_136' title='bbox 1092 1477 1141 1517; x_wconf 95' lang='lat' dir='ltr'>iis</span> <span class='ocrx_word' id='word_1_137' title='bbox 1162 1478 1419 1534; x_wconf 85' lang='lat' dir='ltr'>corrigendis</span> <span class='ocrx_word' id='word_1_138' title='bbox 1439 1480 1666 1525; x_wconf 89' lang='lat' dir='ltr'>elaboravit</span> 
     </span>
     <span class='ocr_line' id='line_1_17' title="bbox 158 1554 1664 1619; baseline 0.003 -19"><span class='ocrx_word' id='word_1_139' title='bbox 158 1558 311 1600; x_wconf 77' lang='lat' dir='ltr'>Bernh.</span> <span class='ocrx_word' id='word_1_140' title='bbox 334 1556 556 1605; x_wconf 83' lang='lat' dir='ltr'>Martinus,</span> <span class='ocrx_word' id='word_1_141' title='bbox 589 1554 867 1605; x_wconf 84' lang='lat' dir='ltr'>Divionensis,</span> <span class='ocrx_word' id='word_1_142' title='bbox 898 1555 943 1596; x_wconf 92' lang='lat' dir='ltr'>in</span> <span class='ocrx_word' id='word_1_143' title='bbox 974 1556 1195 1597; x_wconf 87' lang='lat' dir='ltr'>Variarum</span> <span class='ocrx_word' id='word_1_144' title='bbox 1226 1557 1476 1601; x_wconf 91' lang='lat' dir='ltr'>Lectionum</span> <span class='ocrx_word' id='word_1_145' title='bbox 1498 1562 1664 1619; x_wconf 86' lang='lat' dir='ltr'>elegan-</span> 
     </span>
     <span class='ocr_line' id='line_1_18' title="bbox 159 1636 1664 1700; baseline 0.004 -20"><span class='ocrx_word' id='word_1_146' title='bbox 159 1637 322 1680; x_wconf 90' lang='lat' dir='ltr'>tissimis</span> <span class='ocrx_word' id='word_1_147' title='bbox 341 1636 468 1687; x_wconf 86' lang='lat' dir='ltr'>libris,</span> <span class='ocrx_word' id='word_1_148' title='bbox 489 1645 585 1678; x_wconf 88' lang='lat' dir='ltr'>ante</span> <span class='ocrx_word' id='word_1_149' title='bbox 599 1636 676 1678; x_wconf 89' lang='lat' dir='ltr'>hos</span> <span class='ocrx_word' id='word_1_150' title='bbox 695 1651 847 1678; x_wconf 87' lang='lat' dir='ltr'>novem</span> <span class='ocrx_word' id='word_1_151' title='bbox 867 1651 997 1678; x_wconf 88' lang='lat' dir='ltr'>annos</span> <span class='ocrx_word' id='word_1_152' title='bbox 1017 1637 1061 1678; x_wconf 93' lang='lat' dir='ltr'>in</span> <span class='ocrx_word' id='word_1_153' title='bbox 1084 1637 1251 1679; x_wconf 87' lang='lat' dir='ltr'>Batavis</span> <span class='ocrx_word' id='word_1_154' title='bbox 1270 1640 1436 1690; x_wconf 86' lang='lat' dir='ltr'>recusis,</span> <span class='ocrx_word' id='word_1_155' title='bbox 1458 1642 1512 1683; x_wconf 90' lang='lat' dir='ltr'>ab</span> <span class='ocrx_word' id='word_1_156' title='bbox 1532 1658 1664 1700; x_wconf 89' lang='lat' dir='ltr'>eoque</span> 
     </span>
     <span class='ocr_line' id='line_1_19' title="bbox 158 1718 1661 1774; baseline 0.004 -13"><span class='ocrx_word' id='word_1_157' title='bbox 158 1733 245 1761; x_wconf 91' lang='lat' dir='ltr'>non</span> <span class='ocrx_word' id='word_1_158' title='bbox 279 1733 386 1760; x_wconf 90' lang='lat' dir='ltr'>unus</span> <span class='ocrx_word' id='word_1_159' title='bbox 405 1718 518 1760; x_wconf 91' lang='lat' dir='ltr'>locus</span> <span class='ocrx_word' id='word_1_160' title='bbox 544 1718 820 1774; x_wconf 89' lang='lat' dir='ltr'>pulcherrime</span> <span class='ocrx_word' id='word_1_161' title='bbox 853 1727 913 1760; x_wconf 88' lang='lat' dir='ltr'>est</span> <span class='ocrx_word' id='word_1_162' title='bbox 930 1728 1154 1761; x_wconf 86' lang='lat' dir='ltr'>correctus.</span> <span class='ocrx_word' id='word_1_163' title='bbox 1215 1720 1328 1762; x_wconf 91' lang='lat' dir='ltr'>Ante</span> <span class='ocrx_word' id='word_1_164' title='bbox 1362 1737 1493 1764; x_wconf 89' lang='lat' dir='ltr'>annos</span> <span class='ocrx_word' id='word_1_165' title='bbox 1523 1733 1661 1767; x_wconf 85' lang='lat' dir='ltr'>autem</span> 
     </span>
     <span class='ocr_line' id='line_1_20' title="bbox 156 1799 1662 1858; baseline 0.005 -16"><span class='ocrx_word' id='word_1_166' title='bbox 156 1815 243 1842; x_wconf 94' lang='lat' dir='ltr'>non</span> <span class='ocrx_word' id='word_1_167' title='bbox 263 1799 424 1850; x_wconf 86' lang='lat' dir='ltr'>multos,</span> <span class='ocrx_word' id='word_1_168' title='bbox 446 1799 660 1857; x_wconf 86' lang='lat' dir='ltr'>ingenium</span> <span class='ocrx_word' id='word_1_169' title='bbox 680 1807 721 1841; x_wconf 85' lang='lat' dir='ltr'>et</span> <span class='ocrx_word' id='word_1_170' title='bbox 740 1799 974 1841; x_wconf 88' lang='lat' dir='ltr'>doctrinam</span> <span class='ocrx_word' id='word_1_171' title='bbox 993 1800 1037 1841; x_wconf 92' lang='lat' dir='ltr'>in</span> <span class='ocrx_word' id='word_1_172' title='bbox 1056 1800 1106 1840; x_wconf 92' lang='lat' dir='ltr'>iis</span> <span class='ocrx_word' id='word_1_173' title='bbox 1126 1801 1382 1858; x_wconf 83' lang='lat' dir='ltr'>corrigendis</span> <span class='ocrx_word' id='word_1_174' title='bbox 1401 1802 1573 1846; x_wconf 88' lang='lat' dir='ltr'>feliciter</span> <span class='ocrx_word' id='word_1_175' title='bbox 1588 1821 1662 1849; x_wconf 88' lang='lat' dir='ltr'>ex-</span> 
     </span>
     <span class='ocr_line' id='line_1_21' title="bbox 156 1880 1659 1938; baseline 0.003 -14"><span class='ocrx_word' id='word_1_176' title='bbox 156 1890 297 1938; x_wconf 85' lang='lat' dir='ltr'>pertus</span> <span class='ocrx_word' id='word_1_177' title='bbox 317 1889 377 1923; x_wconf 90' lang='lat' dir='ltr'>est</span> <span class='ocrx_word' id='word_1_178' title='bbox 396 1882 579 1924; x_wconf 82' lang='lat' dir='ltr'>Davides</span> <span class='ocrx_word' id='word_1_179' title='bbox 593 1883 854 1923; x_wconf 77' lang='lat' dir='ltr'>Ruhnkenius</span> <span class='ocrx_word' id='word_1_180' title='bbox 874 1881 927 1923; x_wconf 89' lang='lat' dir='ltr'>V.</span> <span class='ocrx_word' id='word_1_181' title='bbox 950 1881 1000 1923; x_wconf 88' lang='lat' dir='ltr'>C.</span> <span class='ocrx_word' id='word_1_182' title='bbox 1030 1882 1075 1923; x_wconf 90' lang='lat' dir='ltr'>in</span> <span class='ocrx_word' id='word_1_183' title='bbox 1098 1880 1287 1937; x_wconf 89' lang='lat' dir='ltr'>Epistola</span> <span class='ocrx_word' id='word_1_184' title='bbox 1308 1883 1465 1926; x_wconf 89' lang='lat' dir='ltr'>Critica</span> <span class='ocrx_word' id='word_1_185' title='bbox 1484 1887 1538 1928; x_wconf 91' lang='lat' dir='ltr'>ad</span> <span class='ocrx_word' id='word_1_186' title='bbox 1565 1889 1659 1929; x_wconf 82' lang='lat' dir='ltr'>Val.</span> 
     </span>
     <span class='ocr_line' id='line_1_22' title="bbox 156 1962 1659 2013; baseline 0.006 -9"><span class='ocrx_word' id='word_1_187' title='bbox 156 1965 361 2005; x_wconf 76' lang='lat' dir='ltr'>kenarium</span> <span class='ocrx_word' id='word_1_188' title='bbox 382 1962 434 2004; x_wconf 91' lang='lat' dir='ltr'>V.</span> <span class='ocrx_word' id='word_1_189' title='bbox 458 1963 507 2005; x_wconf 91' lang='lat' dir='ltr'>C.</span> <span class='ocrx_word' id='word_1_190' title='bbox 568 1963 689 2005; x_wconf 88' lang='lat' dir='ltr'>Idem</span> <span class='ocrx_word' id='word_1_191' title='bbox 710 1964 882 2006; x_wconf 85' lang='lat' dir='ltr'>tentavit</span> <span class='ocrx_word' id='word_1_192' title='bbox 902 1963 1035 2007; x_wconf 88' lang='lat' dir='ltr'>clarus</span> <span class='ocrx_word' id='word_1_193' title='bbox 1053 1963 1383 2007; x_wconf 89' lang='lat' dir='ltr'>Homericorum</span> <span class='ocrx_word' id='word_1_194' title='bbox 1412 1967 1659 2013; x_wconf 83' lang='lat' dir='ltr'>carminum</span> 
     </span>
     <span class='ocr_line' id='line_1_23' title="bbox 155 2045 1656 2104; baseline 0.005 -17"><span class='ocrx_word' id='word_1_195' title='bbox 155 2045 290 2088; x_wconf 88' lang='lat' dir='ltr'>editor</span> <span class='ocrx_word' id='word_1_196' title='bbox 304 2046 539 2096; x_wconf 83' lang='lat' dir='ltr'>Barnesius,</span> <span class='ocrx_word' id='word_1_197' title='bbox 561 2061 657 2087; x_wconf 92' lang='lat' dir='ltr'>usus</span> <span class='ocrx_word' id='word_1_198' title='bbox 688 2047 871 2087; x_wconf 81' lang='lat' dir='ltr'>Martini</span> <span class='ocrx_word' id='word_1_199' title='bbox 899 2047 1075 2088; x_wconf 88' lang='lat' dir='ltr'>inventis</span> <span class='ocrx_word' id='word_1_200' title='bbox 1095 2054 1136 2088; x_wconf 92' lang='lat' dir='ltr'>et</span> <span class='ocrx_word' id='word_1_201' title='bbox 1161 2047 1330 2104; x_wconf 87' lang='lat' dir='ltr'>ingenio</span> <span class='ocrx_word' id='word_1_202' title='bbox 1360 2064 1448 2099; x_wconf 89' lang='lat' dir='ltr'>suo,</span> <span class='ocrx_word' id='word_1_203' title='bbox 1482 2051 1555 2092; x_wconf 88' lang='lat' dir='ltr'>sed</span> <span class='ocrx_word' id='word_1_204' title='bbox 1584 2053 1656 2104; x_wconf 88' lang='lat' dir='ltr'>ita,</span> 
     </span>
     <span class='ocr_line' id='line_1_24' title="bbox 153 2126 1660 2189; baseline 0.005 -20"><span class='ocrx_word' id='word_1_205' title='bbox 153 2135 201 2169; x_wconf 92' lang='lat' dir='ltr'>ut</span> <span class='ocrx_word' id='word_1_206' title='bbox 219 2141 305 2169; x_wconf 90' lang='lat' dir='ltr'>non</span> <span class='ocrx_word' id='word_1_207' title='bbox 325 2126 501 2168; x_wconf 87' lang='lat' dir='ltr'>multum</span> <span class='ocrx_word' id='word_1_208' title='bbox 522 2126 756 2182; x_wconf 79' lang='lat' dir='ltr'>profecerit,</span> <span class='ocrx_word' id='word_1_209' title='bbox 788 2127 999 2169; x_wconf 90' lang='lat' dir='ltr'>interdum</span> <span class='ocrx_word' id='word_1_210' title='bbox 1031 2128 1155 2170; x_wconf 88' lang='lat' dir='ltr'>etiam</span> <span class='ocrx_word' id='word_1_211' title='bbox 1183 2137 1338 2170; x_wconf 86' lang='lat' dir='ltr'>temere</span> <span class='ocrx_word' id='word_1_212' title='bbox 1369 2145 1462 2172; x_wconf 89' lang='lat' dir='ltr'>suas</span> <span class='ocrx_word' id='word_1_213' title='bbox 1496 2134 1660 2189; x_wconf 89' lang='lat' dir='ltr'>conjec-</span> 
     </span>
     <span class='ocr_line' id='line_1_25' title="bbox 154 2208 1657 2270; baseline 0.005 -20"><span class='ocrx_word' id='word_1_214' title='bbox 154 2216 267 2250; x_wconf 87' lang='lat' dir='ltr'>turas</span> <span class='ocrx_word' id='word_1_215' title='bbox 295 2208 495 2263; x_wconf 88' lang='lat' dir='ltr'>receperit</span> <span class='ocrx_word' id='word_1_216' title='bbox 523 2208 568 2249; x_wconf 90' lang='lat' dir='ltr'>in</span> <span class='ocrx_word' id='word_1_217' title='bbox 589 2215 762 2249; x_wconf 89' lang='lat' dir='ltr'>textum.</span> <span class='ocrx_word' id='word_1_218' title='bbox 825 2209 987 2251; x_wconf 72' lang='lat' dir='ltr'>Clarkiz·</span> <span class='ocrx_word' id='word_1_219' title='bbox 990 2208 1172 2263; x_wconf 82' lang='lat' dir='ltr'>junioris</span> <span class='ocrx_word' id='word_1_220' title='bbox 1191 2224 1319 2266; x_wconf 86' lang='lat' dir='ltr'>opera</span> <span class='ocrx_word' id='word_1_221' title='bbox 1337 2211 1381 2252; x_wconf 90' lang='lat' dir='ltr'>in</span> <span class='ocrx_word' id='word_1_222' title='bbox 1409 2211 1472 2254; x_wconf 88' lang='lat' dir='ltr'>his</span> <span class='ocrx_word' id='word_1_223' title='bbox 1492 2212 1657 2270; x_wconf 81' lang='lat' dir='ltr'>hymnis</span> 
     </span>
     <span class='ocr_line' id='line_1_26' title="bbox 152 2290 1657 2352; baseline 0.005 -20"><span class='ocrx_word' id='word_1_224' title='bbox 152 2290 237 2333; x_wconf 84' lang='lat' dir='ltr'>fere</span> <span class='ocrx_word' id='word_1_225' title='bbox 257 2291 512 2333; x_wconf 85' lang='lat' dir='ltr'>consumitur</span> <span class='ocrx_word' id='word_1_226' title='bbox 539 2291 584 2333; x_wconf 90' lang='lat' dir='ltr'>in</span> <span class='ocrx_word' id='word_1_227' title='bbox 603 2292 876 2349; x_wconf 86' lang='lat' dir='ltr'>congerendis</span> <span class='ocrx_word' id='word_1_228' title='bbox 894 2291 994 2334; x_wconf 91' lang='lat' dir='ltr'>locis</span> <span class='ocrx_word' id='word_1_229' title='bbox 1017 2293 1269 2345; x_wconf 90' lang='lat' dir='ltr'>Homericis,</span> <span class='ocrx_word' id='word_1_230' title='bbox 1298 2310 1321 2337; x_wconf 92' lang='lat' dir='ltr'>e</span> <span class='ocrx_word' id='word_1_231' title='bbox 1340 2296 1489 2352; x_wconf 88' lang='lat' dir='ltr'>quibus</span> <span class='ocrx_word' id='word_1_232' title='bbox 1508 2299 1572 2340; x_wconf 90' lang='lat' dir='ltr'>vel</span> <span class='ocrx_word' id='word_1_233' title='bbox 1593 2301 1657 2341; x_wconf 92' lang='lat' dir='ltr'>in-</span> 
     </span>
     <span class='ocr_line' id='line_1_27' title="bbox 151 2373 1657 2437; baseline 0.005 -21"><span class='ocrx_word' id='word_1_234' title='bbox 151 2382 290 2431; x_wconf 89' lang='lat' dir='ltr'>tegros</span> <span class='ocrx_word' id='word_1_235' title='bbox 308 2388 463 2425; x_wconf 88' lang='lat' dir='ltr'>versus,</span> <span class='ocrx_word' id='word_1_236' title='bbox 483 2373 548 2416; x_wconf 85' lang='lat' dir='ltr'>vel</span> <span class='ocrx_word' id='word_1_237' title='bbox 573 2374 720 2416; x_wconf 90' lang='lat' dir='ltr'>modos</span> <span class='ocrx_word' id='word_1_238' title='bbox 745 2374 956 2431; x_wconf 84' lang='lat' dir='ltr'>loquendi,</span> <span class='ocrx_word' id='word_1_239' title='bbox 979 2385 1241 2432; x_wconf 88' lang='lat' dir='ltr'>sumpserunt</span> <span class='ocrx_word' id='word_1_240' title='bbox 1255 2379 1459 2421; x_wconf 90' lang='lat' dir='ltr'>Auctores</span> <span class='ocrx_word' id='word_1_241' title='bbox 1479 2380 1657 2437; x_wconf 87' lang='lat' dir='ltr'>hymno-</span> 
     </span>
     <span class='ocr_line' id='line_1_28' title="bbox 151 2457 1657 2513; baseline 0.005 -14"><span class='ocrx_word' id='word_1_242' title='bbox 151 2470 262 2506; x_wconf 83' lang='lat' dir='ltr'>rum3</span> <span class='ocrx_word' id='word_1_243' title='bbox 292 2470 386 2513; x_wconf 89' lang='lat' dir='ltr'>quae</span> <span class='ocrx_word' id='word_1_244' title='bbox 413 2471 478 2498; x_wconf 90' lang='lat' dir='ltr'>res</span> <span class='ocrx_word' id='word_1_245' title='bbox 496 2471 584 2498; x_wconf 90' lang='lat' dir='ltr'>non</span> <span class='ocrx_word' id='word_1_246' title='bbox 613 2465 673 2499; x_wconf 85' lang='lat' dir='ltr'>est</span> <span class='ocrx_word' id='word_1_247' title='bbox 692 2457 845 2499; x_wconf 92' lang='lat' dir='ltr'>inutilis</span> <span class='ocrx_word' id='word_1_248' title='bbox 865 2457 1071 2510; x_wconf 88' lang='lat' dir='ltr'>studiosis,</span> <span class='ocrx_word' id='word_1_249' title='bbox 1092 2468 1291 2502; x_wconf 88' lang='lat' dir='ltr'>caeterum</span> <span class='ocrx_word' id='word_1_250' title='bbox 1314 2475 1400 2502; x_wconf 91' lang='lat' dir='ltr'>non</span> <span class='ocrx_word' id='word_1_251' title='bbox 1422 2463 1657 2506; x_wconf 86' lang='lat' dir='ltr'>consultum</span> 
     </span>
     <span class='ocr_line' id='line_1_29' title="bbox 152 2537 1655 2598; baseline 0.006 -19"><span class='ocrx_word' id='word_1_252' title='bbox 152 2537 274 2580; x_wconf 90' lang='lat' dir='ltr'>nobis</span> <span class='ocrx_word' id='word_1_253' title='bbox 288 2537 366 2580; x_wconf 88' lang='lat' dir='ltr'>fuit</span> <span class='ocrx_word' id='word_1_254' title='bbox 384 2539 534 2590; x_wconf 85' lang='lat' dir='ltr'>visum,</span> <span class='ocrx_word' id='word_1_255' title='bbox 556 2539 605 2581; x_wconf 90' lang='lat' dir='ltr'>iis</span> <span class='ocrx_word' id='word_1_256' title='bbox 624 2539 668 2581; x_wconf 91' lang='lat' dir='ltr'>in</span> <span class='ocrx_word' id='word_1_257' title='bbox 683 2538 762 2581; x_wconf 89' lang='lat' dir='ltr'>hac</span> <span class='ocrx_word' id='word_1_258' title='bbox 781 2540 962 2582; x_wconf 84' lang='lat' dir='ltr'>editione</span> <span class='ocrx_word' id='word_1_259' title='bbox 981 2542 1215 2597; x_wconf 88' lang='lat' dir='ltr'>repetendis</span> <span class='ocrx_word' id='word_1_260' title='bbox 1235 2557 1360 2598; x_wconf 90' lang='lat' dir='ltr'>supra</span> <span class='ocrx_word' id='word_1_261' title='bbox 1379 2545 1551 2587; x_wconf 89' lang='lat' dir='ltr'>modum</span> <span class='ocrx_word' id='word_1_262' title='bbox 1582 2562 1655 2589; x_wconf 88' lang='lat' dir='ltr'>au·-</span> 
     </span>
     <span class='ocr_line' id='line_1_30' title="bbox 150 2618 1656 2677; baseline 0.008 -18"><span class='ocrx_word' id='word_1_263' title='bbox 150 2632 250 2675; x_wconf 90' lang='lat' dir='ltr'>gere</span> <span class='ocrx_word' id='word_1_264' title='bbox 269 2618 491 2671; x_wconf 89' lang='lat' dir='ltr'>Volumen,</span> <span class='ocrx_word' id='word_1_265' title='bbox 513 2621 731 2677; x_wconf 85' lang='lat' dir='ltr'>potiusque</span> <span class='ocrx_word' id='word_1_266' title='bbox 752 2622 901 2662; x_wconf 92' lang='lat' dir='ltr'>nostris</span> <span class='ocrx_word' id='word_1_267' title='bbox 921 2622 964 2663; x_wconf 91' lang='lat' dir='ltr'>in</span> <span class='ocrx_word' id='word_1_268' title='bbox 985 2623 1136 2665; x_wconf 87' lang='lat' dir='ltr'>notulis</span> <span class='ocrx_word' id='word_1_269' title='bbox 1157 2624 1221 2666; x_wconf 84' lang='lat' dir='ltr'>vel</span> <span class='ocrx_word' id='word_1_270' title='bbox 1241 2629 1656 2671; x_wconf 83' lang='lat' dir='ltr'>commemoravimus</span> 
     </span>
     <span class='ocr_line' id='line_1_31' title="bbox 153 2697 1654 2768; baseline 0.009 -28"><span class='ocrx_word' id='word_1_271' title='bbox 153 2697 327 2741; x_wconf 85' lang='lat' dir='ltr'>aliorum</span> <span class='ocrx_word' id='word_1_272' title='bbox 346 2700 526 2753; x_wconf 86' lang='lat' dir='ltr'>inventa,</span> <span class='ocrx_word' id='word_1_273' title='bbox 549 2701 612 2744; x_wconf 86' lang='lat' dir='ltr'>vel</span> <span class='ocrx_word' id='word_1_274' title='bbox 642 2702 721 2758; x_wconf 90' lang='lat' dir='ltr'>ipsi</span> <span class='ocrx_word' id='word_1_275' title='bbox 749 2701 850 2744; x_wconf 89' lang='lat' dir='ltr'>lucis</span> <span class='ocrx_word' id='word_1_276' title='bbox 879 2703 1034 2760; x_wconf 88' lang='lat' dir='ltr'>aliquid</span> <span class='ocrx_word' id='word_1_277' title='bbox 1069 2706 1217 2748; x_wconf 87' lang='lat' dir='ltr'>afferre</span> <span class='ocrx_word' id='word_1_278' title='bbox 1245 2709 1509 2752; x_wconf 85' lang='lat' dir='ltr'>tentavimus:</span> <span class='ocrx_word' id='word_1_279' title='bbox 1540 2712 1654 2768; x_wconf 90' lang='lat' dir='ltr'>quod</span> 
     </span>
     <span class='ocr_line' id='line_1_32' title="bbox 154 2779 1653 2849; baseline 0.007 -26"><span class='ocrx_word' id='word_1_280' title='bbox 154 2779 304 2825; x_wconf 81' lang='lat' dir='ltr'>scimus</span> <span class='ocrx_word' id='word_1_281' title='bbox 336 2797 423 2827; x_wconf 86' lang='lat' dir='ltr'>esse</span> <span class='ocrx_word' id='word_1_282' title='bbox 451 2798 538 2827; x_wconf 90' lang='lat' dir='ltr'>non</span> <span class='ocrx_word' id='word_1_283' title='bbox 567 2784 760 2837; x_wconf 89' lang='lat' dir='ltr'>multum,</span> <span class='ocrx_word' id='word_1_284' title='bbox 796 2800 872 2828; x_wconf 88' lang='lat' dir='ltr'>nec</span> <span class='ocrx_word' id='word_1_285' title='bbox 906 2785 950 2828; x_wconf 85' lang='lat' dir='ltr'>id</span> <span class='ocrx_word' id='word_1_286' title='bbox 981 2785 1100 2829; x_wconf 84' lang='lat' dir='ltr'>fateri</span> <span class='ocrx_word' id='word_1_287' title='bbox 1131 2788 1422 2843; x_wconf 79' lang='lat' dir='ltr'>erubescimus,</span> <span class='ocrx_word' id='word_1_288' title='bbox 1463 2793 1535 2849; x_wconf 91' lang='lat' dir='ltr'>qui</span> <span class='ocrx_word' id='word_1_289' title='bbox 1566 2793 1653 2835; x_wconf 85' lang='lat' dir='ltr'>sine</span> 
     </span>
    </p>
   </div>
  </div>
 </body>
</html>
