1856 3235
216 216 264 250 10
662 214 665 215 ⁷
901 211 1078 251 INDEX

204 306 398 343 Naubolides,
412 308 671 347 praestantissimus
686 304 852 344 Phaeacum,
862 308 924 339 Od.

211 385 340 414 Navium
358 384 544 419 enumeratio,
558 385 606 414 vel
619 385 744 421 Boeofia,
761 385 797 415 ll.
815 393 842 422 β.
863 391 928 419 494.

253 434 317 468 sqq.-
447 461 454 467 .
497 462 504 468 .
559 461 566 468 .

211 463 374 495 Nausmaa,
389 461 506 491 Alcinoi
527 461 599 497 filia,
623 473 643 492 a
654 467 738 502 patre
750 474 865 493 currum
878 475 929 503 pe-

248 501 294 534 tit,
305 500 360 529 od.
369 504 391 533 ζ.
402 504 447 532 57.
458 510 522 530 cum
531 501 644 531 ancillis
654 506 752 531 vestes
764 502 802 531 ad
811 503 930 532 fluvium

247 539 337 572 lavat,
353 543 398 571 90.
412 539 471 578 pila
493 539 579 575 ludit,
604 544 667 570 100.
709 541 810 580 Ulyssi
834 542 930 570 cibum

247 582 279 606 et
292 579 468 607 vestimenta
480 578 540 613 dat,
565 583 631 611 209.
645 583 712 608 214.
727 584 792 612 247.
813 590 878 608 eum
892 579 930 608 ad

246 616 367 645 Alcinoi*
378 616 494 646 domum
507 617 550 646 ire
568 617 663 657 jubet,
678 622 744 649 255.
767 618 805 647 ad
829 618 930 646 urbem

247 655 412 689 revertitur,
425 670 448 688 η.
462 660 490 685 2.
512 656 649 695 Ulyssem
659 657 788 691 miratur,
804 661 836 686 3.
850 661 917 689 459.

210 693 406 728 Νειιιεὶὼοιιε,
417 694 473 723 od.
487 697 510 729 ζ.
526 699 553 727 7.
564 709 587 727 η.
601 696 648 724 62.

210 732 328 766 Naxus,
345 733 458 771 Hymn‚
473 737 499 762 1.
513 733 543 762 in
556 733 655 772 Apoll.
670 737 717 762 44.

210 770 326 805 Neaera,
340 771 416 801 Solis
430 782 514 806 uxor,
525 772 581 801 Od.
594 786 626 808 μ..
644 776 706 801 133.

209 809 331 844 Neleus,
347 810 398 839 Od.
413 825 440 845 y.
455 814 521 843 409.
536 819 562 839 λ.
576 814 642 840 280.

210 847 430 887 Neoptolemus,
445 849 500 878 Od.
514 857 540 879 λ.
556 853 622 878 505.

210 885 260 915 Ne
280 887 344 916 tuni
357 892 388 916 et
400 888 486 917 Jovis
504 888 594 917 verba
605 887 642 916 de
653 897 735 917 muro
749 888 928 923 Graecormn,

241 925 255 953 I
287 941 310 955 υ.
323 928 388 955 446.
401 936 465 955 cum
477 926 633 955 Idomeneo
643 926 817 966 colloquium
827 942 852 957 τ.
861 931 928 956 218.

209 963 260 992 Ne
280 969 368 993 tunus
389 965 426 993 ad
445 964 592 994 ferendam
616 966 728 994 Graecis
752 976 836 1005 opem
866 976 931 1004 pro-

234 975 396 1035 riigiscitur,
423 1003 459 1032 Il.
483 1018 501 1033 ν.
531 1008 575 1033 10.
616 1004 725 1042 Ajaces
746 1004 857 1034 animat
881 1008 927 1037 47.

246 1042 379 1071 Achivos
393 1042 503 1071 excitat
524 1046 570 1074 95.
591 1042 705 1071 saucios
719 1043 886 1072 consolatur
899 1047 930 1072 et

247 1080 378 1108 Achivos
392 1080 502 1109 animat
515 1086 538 1115 ξ.
555 1084 617 1112 139.
639 1082 706 1109 363.
732 1081 803 1109 Jovi
826 1081 929 1110 irasci-

246 1123 294 1147 tur
307 1133 327 1147 ο.
345 1122 408 1147 184.
427 1119 464 1147 de
477 1118 573 1147 AEnea
593 1119 795 1148 conservando
817 1119 930 1148 consul—

245 1161 292 1185 tat
305 1171 326 1186 υ.
341 1160 407 1188 293.
447 1157 570 1185 AEneam
583 1157 695 1186 Achilli
714 1157 850 1187 subducit
863 1162 930 1187 321.

245 1195 393 1223 Achillem
417 1195 582 1225 consolatur
602 1207 627 1232 φ.
645 1199 714 1225 288.
765 1196 931 1235 Apollinem

245 1233 284 1262 ad
299 1243 426 1273 pugnam
450 1238 590 1273 provocat
609 1237 675 1263 435.
716 1235 817 1274 Ulyssi
840 1235 932 1264 infeu-

246 1281 306 1306 sus,
321 1272 377 1301 od.
399 1287 427 1302 α..
452 1276 499 1302 20.
522 1275 568 1302 68.
589 1287 607 1303 ε.
629 1277 695 1302 284.
725 1273 881 1313 procellam
901 1273 932 1302 in

245 1320 312 1339 eum
323 1310 459 1346 concitat,
480 1325 498 1341 ε.
513 1316 578 1344 291.
605 1311 636 1340 in
657 1322 724 1341 eum
745 1312 841 1347 saevit,
864 1313 931 1345 376.

246 1349 386 1379 Vulcano
398 1350 512 1384 suadet,
525 1355 559 1380 ut
574 1351 704 1379 Martem
724 1361 741 1379 e
757 1350 882 1380 vinculis
897 1350 931 1379 li-

245 1387 340 1423 beret,
356 1393 389 1417 3.
404 1392 470 1418 344.
492 1389 605 1418 Peliam
626 1393 658 1418 et
678 1389 805 1419 Neleum
825 1389 931 1429 gignit,

246 1435 272 1456 λ.
296 1430 361 1457 253.
415 1427 588 1457 thcibus
610 1427 791 1472 indignatur,
818 1443 838 1458 n.
868 1432 930 1460 129.

246 1475 346 1494 eorum
359 1470 462 1495 navem
481 1466 606 1511 lapidem
625 1466 709 1501 fac1t‚
736 1469 802 1497 162.
845 1466 931 1496 Heli-

245 1504 310 1532 coni
324 1504 456 1544 imperat,
469 1506 619 1545 Epigram.
630 1504 763 1546 inscript.
778 1505 931 1545 Neptuno,

229 1566 232 1568 ,
247 1552 308 1571 ver.
322 1547 350 1572 2.

209 1580 362 1617 Nericum,
374 1582 520 1621 oppidum,
537 1582 596 1612 Od.
609 1598 636 1613 ω.
651 1586 718 1617 376.

209 1619 359 1654 Neritum,
380 1631 474 1656 mons,
489 1621 544 1650 Od.
555 1636 572 1650 ι.
587 1626 633 1652 22.
648 1638 666 1653 ν.
680 1627 747 1652 351.

211 1658 347 1693 Neritus,
362 1658 417 1687 Od.
429 1675 451 1697 g.
466 1664 532 1692 207.
554 1660 590 1688 11.
604 1667 633 1695 β.
648 1663 716 1690 632.

210 1696 331 1731 Nestor,
354 1697 389 1726 ll.
411 1703 438 1732 β.
463 1699 529 1727 601.
570 1699 697 1728 Achillis
720 1703 752 1727 et
771 1700 931 1738 Agamem·

245 1735 330 1764 nonis
350 1736 564 1765 contentionem
582 1747 753 1776 componere
767 1741 888 1766 conatur
900 1751 930 1766 α,

245 1778 311 1805 247.
345 1774 482 1803 laudatur
504 1775 542 1804 ab
666 1786 786 1804 emnone
811 1781 838 1810 β.
863 1779 931 1808 370.

245 1813 380 1841 hortatur
392 1813 500 1842 milites
522 1818 545 1847 ξ.
560 1815 603 1843 66.
646 1815 765 1843 Graecos
785 1814 932 1853 objurgat,

246 1851 297 1890 qui
323 1862 387 1880 cum
414 1852 545 1881 Hectore
565 1853 704 1892 congredi
727 1863 784 1882 non
806 1853 934 1882 audeant

248 1893 313 1918 123.
327 1890 357 1918 in
371 1890 500 1929 periculo
513 1896 647 1920 versatur
661 1895 693 1921 ,9.
710 1895 755 1920 80.
777 1891 854 1930 fugit
866 1901 932 1920 cum

247 1928 390 1957 Diomede
407 1933 470 1961 157.
491 1930 555 1968 ejus
577 1930 730 1959 consilium
753 1930 790 1959 de
802 1929 932 1959 excubiis

246 1971 279 1996 et
291 1977 381 2001 coena,
401 1982 417 1996 ι.
433 1972 479 1997 54.
499 1973 531 1997 et
548 1969 585 1997 de
598 1969 730 2008 pacando
743 1968 862 1998 Achille
885 1970 931 2000 96.

246 2015 298 2035 sur
336 2016 371 2035 ns
382 2011 470 2035 noctu
486 2006 620 2046 Ulyssem
630 2008 693 2036 adit
706 2022 733 2037 κ.
754 2011 818 2037 132.
859 2007 933 2036 Dio-

246 2054 293 2072 me
314 2055 360 2073 em
373 2045 484 2074 excitat
498 2047 561 2075 160.
575 2046 680 2075 suadet
694 2046 893 2085 exploratores
902 2045 932 2074 in

246 2083 375 2112 hostium
389 2088 487 2113 castra
497 2085 654 2114 mittendos
668 2089 734 2115 204.
745 2085 867 2123 mitiqua
879 2094 934 2113 sua

246 2121 378 2151 facinora
397 2128 612 2158 commemorat,
633 2133 659 2153 λ.
684 2125 750 2156 667.
771 2123 870 2162 prodit
882 2133 933 2152 au-

247 2160 310 2189 dito
320 2161 446 2190 clamore
459 2162 496 2191 ad
517 2163 717 2202 spectaculum
737 2167 759 2197 ξ.
786 2166 811 2191 1.
832 2161 876 2191 illi
888 2172 934 2191 oc-

248 2204 368 2228 currunt
381 2200 474 2229 saucii
487 2205 534 2234 27.
555 2201 660 2230 Jovem
674 2205 809 2240 precatur
821 2214 842 2230 ο.
864 2204 931 2233 372.

247 2239 369 2267 Graecos
383 2243 448 2268 orat
458 2244 491 2269 ut
500 2240 578 2270 hosti
588 2240 729 2270 resistant
740 2241 805 2269 658.
819 2239 856 2268 de
866 2249 932 2268 cur-

244 2286 283 2307 su
302 2277 362 2306 filio
387 2283 533 2318 praecepta
554 2279 606 2308 dat
629 2283 664 2315 ψ.
688 2280 756 2308 306.
775 2288 841 2307 cum
864 2277 932 2307 filiis

247 2315 390 2355 epulatur,
417 2317 470 2347 Od.
492 2331 519 2352 y.
537 2322 583 2347 32.
599 2328 664 2346 cum
677 2317 855 2346 Telemacho
872 2316 932 2346 col-

247 2353 388 2393 loquitur,
401 2356 447 2384 68.
464 2360 527 2386 102.
568 2357 735 2385 Graecorum
749 2366 768 2385 a
781 2355 874 2394 Troja
886 2365 932 2384 re-

246 2392 340 2422 ditum
353 2399 463 2428 narrat,
479 2399 542 2424 130.
584 2395 813 2434 Agamemnonis
831 2393 932 2422 interi-

248 2435 310 2461 tum
331 2432 430 2466 refert,
450 2434 515 2462 253.
536 2433 708 2462 sacrificium
723 2433 870 2462 Minervae
884 2443 933 2471 pa-

248 2475 307 2505 rat,
326 2475 392 2503 417.
407 2482 520 2501 currum
534 2472 713 2501 Telemacho
731 2472 828 2511 parari
838 2471 931 2510 jubet,

212 2547 350 2577 Nestoris
364 2549 458 2578 oratio
471 2549 508 2578 ad
523 2548 641 2583 milites,
657 2549 693 2578 11.
713 2555 740 2583 β.
755 2553 821 2581 337.
845 2548 934 2578 verba

249 2587 286 2615 ad
313 2589 562 2654 Affiniemnonem
587 2591 609 2617 δ.
634 2591 700 2617 315.
721 2588 814 2617 oratio
834 2588 870 2616 de
890 2597 933 2616 se-

248 2625 343 2692 gelien
367 2626 390 2654 's
413 2626 534 2656 mortuis
557 2631 587 2655 et
601 2626 794 2656 construendo
814 2636 895 2656 muro
909 2641 932 2659 η.

213 2701 322 2731 Niobae
336 2702 442 2736 fabula,
463 2703 498 2733 ll.
512 2718 539 2733 ω.
554 2705 620 2732 602.

214 2741 324 2770 Nireus
338 2742 504 2772 Graecorum
519 2742 754 2776 formosissimus,
770 2742 804 2771 11.
825 2747 852 2776 β.
869 2743 932 2774 671,

213 2779 300 2814 Nisa,
317 2779 352 2808 11.
366 2785 392 2815 β.
408 2784 473 2810 508.

216 2818 323 2853 Nisus,
342 2819 397 2847 Od.
412 2832 436 2848 c.
451 2820 514 2849 126.

214 2857 358 2891 Νοὲιυοη,
373 2857 428 2886 Od.
441 2863 468 2893 β.
484 2859 550 2888 386.
566 2862 588 2888 δ.
601 2860 667 2888 630.

214 2895 312 2925 Notus
327 2901 358 2925 et
379 2895 544 2936 Zephyrus,
564 2897 687 2928 navibus
699 2897 824 2927 maxime
838 2896 933 2937 perui-

255 2934 338 2969 ciosi,
353 2935 405 2963 Od.
420 2949 452 2970 μ.
467 2940 532 2968 289.

215 2972 388 3011 Nysse'ium,
402 2973 436 3003 Il.
451 2979 474 3009 ξ.
488 2978 551 3005 133.

972 349 1116 383 Oceanus,
1129 347 1182 378 Od.
1196 348 1226 380 λζ
1234 349 1300 378 638.
1314 311 1342 379 2
1360 352 1405 378 11.

973 387 1121 422 OEchalia,
1136 387 1174 416 Il.
1187 393 1214 423 β.
1230 391 1295 420 730.
1317 387 1372 417 Od.
1388 392 1421 417 ,9.
1434 390 1500 417 224.

973 426 1092 470 Ogygia
1103 425 1210 460 insula,
1224 426 1279 455 Od.
1294 442 1318 459 η.
1332 431 1400 456 244.

974 465 1087 498 Olema,
1101 465 1173 500 1143.
1185 467 1250 498 617.
1264 474 1290 494 λ.
1304 467 1369 498 756.

974 502 1094 537 Olenus,
1109 503 1145 532 Il.
1160 509 1187 538 β.
1202 505 1268 535 639.

974 541 1127 580 Olympus,
1141 552 1233 576 mons.
1248 542 1303 571 Od.
1318 551 1343 572 λ.
1358 545 1425 571 314.
1576 571 1578 574 .

973 579 1152 613 Onchestus‚
1168 580 1301 619 Neptuni
1321 581 1412 615 lucus,
1436 579 1546 618 Hymn.
1572 581 1598 608 1.
1611 577 1643 608 in
1654 579 1695 608 A·

973 618 1355 691 nrffissssfifl‘sfflifissffi.
1375 657 1433 687 Od.
1445 665 1471 686 λ.
1486 658 1552 687 283.

974 695 1044 724 Orci
1054 695 1152 734 galea,
1169 695 1205 724 Il.
1218 708 1236 725 ε.
1253 699 1317 725 845.

974 734 1096 763 Orestes
1109 738 1221 773 patrem
1235 733 1396 770 ulciscitur,
1410 733 1466 764 Od.
1479 748 1508 764 a..
1523 736 1571 764 30.
1585 735 1652 766 298.
1666 744 1695 767 y.

975 774 1147 841 Orzglii’ades
1163 811 1323 851 Nymphae,
1337 811 1372 841 Il.
1387 816 1411 845 ζ.
1425 815 1492 840 420.

974 849 1064 879 Orion
1072 850 1110 879 ab
1122 852 1239 879 Aurora
1248 854 1371 884 amanis,
1387 846 1443 878 Od.
1458 862 1477 879 s.
1490 852 1554 878 121.
1567 858 1587 877 a
1599 847 1698 877 Diana

1011 894 1188 928 peremptus,
1218 893 1280 919 123.
1308 889 1346 918 ab
1374 888 1482 927 Ulysse
1519 886 1697 926 conspicitur

1012 927 1090 966 apud
1102 927 1210 956 inferos
1224 936 1250 957 λ.
1265 931 1331 959 571.

974 966 1064 995 Orion
1077 965 1175 1001 stella,
1187 966 1243 995 Od.
1258 979 1276 995 ε.
1291 970 1358 998 274.

973 1004 1154 1038 Orsilochus,
1169 1004 1279 1043 Alphei
1291 1004 1377 1038 filius,
1392 1003 1448 1033 od.
1462 1018 1490 1038 y.
1504 1006 1570 1035 489.
1581 1016 1603 1032 ο.
1619 1005 1683 1034 187.

974 1043 1160 1078 Orsilochus,
1173 1042 1322 1072 Idomenei
1334 1042 1423 1078 filius,
1438 1041 1493 1071 Od.
1508 1057 1528 1072 ν.
1541 1042 1608 1071 260.

974 1081 1101 1125 Ortygia
1112 1081 1218 1116 insula,
1234 1081 1290 1110 Od.
1312 1095 1333 1111 ε.
1350 1084 1414 1110 123.
1427 1095 1447 1112 ο.
1460 1084 1527 1110 403.
1543 1079 1653 1119 Hymn.
1670 1082 1695 1107 1.

976 1121 1083 1194 otiis:x
1106 1120 1252 1191 dlssizbv.
1317 1195 1343 1225 P

977 1235 1122 1265 Pallantis
1135 1235 1196 1264 filia
1209 1235 1305 1270 Luna,
1330 1235 1439 1274 Hymn.
1462 1237 1487 1264 1.
1513 1233 1545 1262 in
1567 1231 1698 1262 Mercur.

977 1278 1105 1342 Palnzoari
1115 1312 1196 1348 filiae,
1211 1312 1268 1341 Od.
1283 1327 1305 1342 υ.
1319 1313 1367 1342 66.
1382 1322 1401 1341 a
1413 1311 1535 1340 Venere
1546 1309 1697 1344 enutritae,

1015 1353 1059 1380 68.
1075 1351 1111 1380 ab
1128 1352 1270 1390 Harpyiis
1283 1351 1424 1390 abreptae,
1440 1354 1487 1382 77.
1650 1352 1652 1355 '

977 1390 1141 1425 Pandarus,
1166 1389 1201 1420 ll.
1227 1396 1254 1425 β.
1282 1393 1345 1422 827.
1394 1387 1564 1418 Menelaum
1590 1386 1699 1426 perfide

1014 1429 1159 1464 vulnerat,
1175 1433 1197 1458 δ.
1214 1432 1277 1458 104.
1297 1438 1316 1457 a
1329 1427 1473 1457 Diomede
1491 1425 1665 1456 interficitur
1678 1437 1697 1454 ε.

976 1472 1106 1540 Ρ.2ῗιοέ.,
1128 1505 1235 1541 insuia,
1259 1504 1314 1534 oa.
1339 1509 1371 1534 2.
1392 1505 1459 1534 363.
1482 1503 1592 1543 Hymn.
1620 1506 1645 1532 1.
1668 1502 1699 1532 in

976 1555 1092 1617 Parcss'
1109 1548 1167 1612 δὲ
1187 1597 1211 1616 ιη.
1238 1586 1301 1615 197.
1324 1582 1434 1622 Hymn.
1462 1586 1486 1611 1.
1511 1581 1542 1610 in
1567 1573 1699 1610 Mercur.

975 1626 1098 1689 Paiggin
1112 1670 1195 1688 nemo
1207 1660 1313 1695 evitat,
1327 1659 1382 1688 Od-
1395 1674 1422 1689 ω-
1439 1663 1486 1691 29.

975 1698 1060 1728 Paris
1072 1699 1102 1727 in
1123 1700 1216 1737 prima
1239 1699 1301 1727 acie
1324 1708 1357 1728 se
1379 1701 1522 1732 ostentat,
1543 1696 1579 1726 Il.
1601 1710 1629 1731 ‘7-
1653 1696 1698 1725 16.

1011 1737 1124 1776 trepide
1138 1736 1246 1777 refugit
1259 1741 1305 1767 32.
1326 1737 1363 1766 ab
1383 1737 1514 1765 Hectore
1527 1735 1698 1778 objurgatus

1012 1780 1059 1805 38.
1080 1786 1144 1804 cum
1160 1775 1299 1804 Menelao
1312 1785 1344 1804 se
1365 1784 1587 1814 congressurum
1608 1783 1699 1803 susci-

1014 1815 1057 1853 pit
1072 1818 1117 1843 58.
1139 1818 1269 1843 armatur
1281 1818 1347 1847 327.
1368 1818 1462 1842 certat
1475 1823 1540 1842 cum
1559 1811 1700 1841 Menelao

1014 1857 1079 1882 345.
1105 1863 1123 1882 a
1144 1853 1263 1882 Venere
1286 1863 1323 1881 ex
1344 1851 1443 1892 praelio
1456 1851 1611 1891 surripitur
1631 1853 1698 1879 380.

1014 1892 1050 1920 ab
1067 1891 1182 1920 Helena
1193 1891 1365 1959 obliurgatur
1378 1894 1440 1920 428
1463 1900 1501 1919 ex
1510 1889 1610 1929 praelio
1622 1889 1702 1928 elap-

1014 1940 1065 1959 sus
1086 1941 1151 1959 cum
1175 1930 1225 1958 He
1236 1940 1292 1959 ena
1315 1929 1502 1969 conjungitur
1523 1932 1589 1961 437.
1610 1931 1700 1967 negat

1014 1968 1135 1998 reddere
1148 1969 1293 1998 Helenam
1307 1983 1330 2001 η.
1345 1972 1412 1998 355.
1452 1967 1625 2007 Diomedem
1635 1965 1700 1995 vul-

1016 2012 1099 2037 nerat
1111 2016 1137 2037 λ.
1167 2009 1233 2036 368.
1261 2012 1293 2036 et
1315 2007 1511 2036 Machaonem
1534 2009 1598 2038 507.
1620 2009 1654 2034 ut
1668 2008 1699 2033 et

1015 2045 1196 2086 Eurypylum
1210 2050 1276 2076 582.
1317 2045 1520 2075 Euchenorem
1531 2043 1670 2074 interficit
1679 2058 1700 2073 ι.

979 2125 1154 2158 Parnassus,
1166 2133 1266 2158 mons,
1273 2122 1328 2152 Od.
1343 2137 1368 2153 v.
1383 2126 1448 2155 393.

979 2162 1167 2197 Parthenius,
1184 2162 1220 2191 11.
1233 2168 1260 2197 β.
1277 2165 1342 2191 854.

979 2201 1082 2232 Patria
1094 2205 1126 2230 et
1138 2201 1308 2240 parentibus
1323 2199 1396 2229 nihil
1406 2198 1532 2234 dulcius,
1546 2197 1603 2228 Od.
1619 2212 1636 2228 ι.
1651 2201 1698 2228 34.

977 2239 1106 2270 Patrocli
1119 2239 1243 2268 animam
1257 2239 1338 2268 videt
1352 2239 1485 2278 Ulysses,
1495 2237 1551 2267 Od.
1565 2246 1591 2267 λ.
1606 2239 1673 2270 467.

976 2278 1130 2309 Patroclus
1144 2278 1182 2308 ad
1192 2277 1339 2307 Achillem
1351 2277 1520 2312 revertitur,
1541 2276 1578 2306 11.
1599 2291 1616 2306 a
1633 2279 1700 2306 405.

1014 2317 1160 2347 Achillem
1189 2321 1254 2346 orat
1277 2321 1310 2345 ut
1332 2326 1366 2346 se
1390 2316 1496 2346 saltem
1518 2315 1549 2345 in
1569 2314 1699 2355 praeliu'm

1014 2356 1122 2390 mittat,
1137 2369 1164 2385 ff.
1179 2360 1224 2386 20.
1246 2359 1375 2385 armatur
1390 2359 1454 2384 130.
1495 2353 1698 2393 Myrmidonas

1015 2395 1192 2428 cohortatur,
1219 2395 1282 2427 269.
1305 2404 1369 2423 cum
1393 2393 1455 2423 suis
1476 2393 1583 2422 multos
1597 2390 1699 2430 Troja-

1015 2443 1117 2463 norum
1131 2432 1280 2467 interficit,
1305 2436 1371 2462 284.
1396 2435 1462 2465 398.
1486 2433 1549 2464 693.
1590 2430 1700 2470 Ajaces

1014 2473 1156 2506 hortatur,
1179 2473 1245 2501 556.
1285 2471 1455 2500 Cebrioncm
1469 2467 1618 2505 interficit,
1633 2471 1700 2501 737-

1015 2511 1093 2540 circa
1107 2510 1236 2540 Patrocli
1257 2520 1306 2539 cor
1328 2520 1362 2539 us
1385 2509 1419 2538 fit
1435 2518 1502 2538 acre
1521 2507 1663 2553 praelium,
1677 2521 1697 2545 ς.

1015 2554 1084 2583 274.
1098 2553 1162 2579 415.
1179 2552 1242 2580 543.
1262 2550 1310 2578 Ac
1320 2548 1375 2577 iiIli
1393 2548 1424 2576 in
1437 2556 1546 2577 somnis
1566 2552 1699 2586 apparet,

1015 2593 1050 2624 ψ.
1076 2589 1122 2618 62.
1143 2597 1232 2627 rogus
1256 2587 1300 2616 illi
1323 2586 1514 2621 construitur,
1536 2586 1600 2615 161.
1642 2583 1700 2628 Pa-

1015 2626 1101 2656 trocli
1121 2637 1153 2656 se
1174 2626 1306 2655 ulchrum
1319 2627 1386 2656 256.
1406 2633 1509 2654 cursus
1527 2624 1657 2663 equitum
1670 2632 1701 2651 in

1014 2665 1116 2695 sunere
1169 2664 1284 2699 atrocli‚
1308 2666 1373 2694 362.
1397 2662 1557 2693 victoribus
1582 2661 1701 2703 praemia

1015 2703 1134 2739 dantur,
1145 2705 1212 2733 536.

979 2742 1127 2782 Pauperes
1141 2753 1159 2771 a
1171 2742 1247 2771 Jove
1257 2744 1338 2777 sunt,
1359 2740 1415 2770 Od.
1429 2745 1453 2775 ζ.
1467 2743 1534 2771 208.
1549 2745 1572 2776 ξ.
1585 2743 1632 2770 58.

980 2781 1112 2821 Pelasgi,
1129 2780 1183 2810 Od.
1199 2795 1220 2810 τ.
1239 2784 1303 2813 177.

980 2820 1088 2853 Pelias.
1104 2819 1237 2859 Neptuni
1250 2819 1336 2853 filius.
1350 2817 1406 2848 Od.
1419 2827 1443 2849 λ.
1459 2821 1525 2849 253.

981 2858 1080 2888 Pelias
1094 2859 1189 2892 hasta.
1206 2857 1239 2887 ll.
1255 2873 1279 2887 τ.
1293 2861 1360 2890 390.

980 2897 1105 2932 Pelium,
1123 2897 1158 2926 ll.
1172 2902 1197 2932 β.
1214 2901 1277 2930 757.

978 2936 1208 2974 Peloponnesus,
1224 2935 1336 2975 Hymn.
1352 2939 1377 2965 1.
1389 2934 1421 2964 in
1435 2933 1532 2975 Apoll.
1555 2936 1620 2965 250·
1635 2931 1701 2966 290-
