1856 3235
607 212 1100 264 PROLEGOMEN
1103 216 1166 263 A.
1535 227 1623 268 261

145 356 341 398 tantum
365 345 558 411 quidem
581 344 820 407 reliquum
861 344 1091 392 habemus
1133 362 1193 393 ex
1232 345 1372 395 Arati
1413 349 1627 400 editione

144 414 396 479 Odysseae,
432 411 511 458 cui
534 416 591 456 ut
616 409 769 456 Iliada
799 409 1014 466 adderet,
1052 428 1079 457 a
1109 411 1414 472 plurimorum
1436 432 1627 480 corrup-

146 481 246 527 telis
272 479 537 532 liberatam,
571 475 802 522 invitatus
840 474 1018 522 dicitur
1053 474 1200 523 fuisse
1241 494 1268 523 a
1304 494 1419 541 rege
1457 482 1622 545 Syriae,

145 543 396 592 Antiocho
420 542 588 588 Sotere
604 552 635 587 ².
707 540 855 596 Quod
874 557 1022 604 quum
1042 542 1226 589 exitum
1245 558 1343 590 non
1363 544 1622 605 habuisset,

143 610 183 657 si
227 609 350 655 bene
389 605 690 669 conjicimus,
741 622 846 653 eam
886 623 1082 670 operam
1122 608 1389 671 suscepisse
1429 611 1624 661 videtur

144 673 377 729 Rhianus,
414 671 588 719 nobilis
612 679 662 719 et
684 672 787 735 ipse
809 675 968 734 poeta,
1009 671 1145 736 cujus
1182 674 1515 723 recensionem
1539 694 1625 726 no-

135 739 207 787 bis
228 754 384 800 pauca
416 736 691 800 fragmenta
726 737 1166 785 desiderabiliorem
1200 737 1388 788 faciunt
1406 742 1440 797 ¹³,
1478 759 1621 805 quam

134 803 373 867 quidquid
395 803 446 849 in
469 802 563 850 hoc
587 819 768 867 genere
790 801 905 850 lusit
931 803 1221 866 Apollonius
1247 805 1468 854 Rhodius
1487 816 1519 854 ⁶.

199 869 271 917 At
302 868 456 916 tribus
491 868 566 915 his
596 868 753 931 poetis
789 868 1006 931 superior
1042 877 1185 916 aetate
1224 869 1319 917 fuit
1358 874 1620 924 Zenodotus

129 933 225 990 ille,
264 935 513 998 Ephesius,
546 933 628 997 qui
665 933 923 997 majoribus
956 933 1188 982 librorum
1230 936 1380 999 copiis
1418 939 1619 1002 majore-

131 1016 226 1064 que
250 999 467 1056 audacia,
505 1017 649 1064 quam
674 1000 924 1063 quisquam
948 1007 1130 1063 postea,
1167 1001 1228 1048 ad
1259 1005 1615 1054 recensendum

129 1067 348 1114 accessit.
421 1065 502 1113 Ab
525 1065 609 1112 illo
633 1065 695 1112 ad
736 1065 964 1128 Apionem
1003 1065 1145 1129 hujus
1186 1066 1399 1116 historiae
1436 1072 1616 1120 tertiam

116 1133 368 1195 periodum
392 1131 756 1189 constituimus3
793 1131 844 1179 in
868 1148 963 1194 qua
998 1132 1197 1179 demum
1238 1133 1532 1184 Criticorum
1565 1146 1615 1186 et

127 1197 570 1245 Grammaticorum
594 1197 795 1254 meritis,
831 1197 914 1261 qui
936 1195 1201 1261 fungorum
1224 1199 1373 1247 modo
1401 1200 1613 1251 Alexan-

124 1263 242 1311 driae
265 1272 315 1312 et
341 1263 562 1327 Pergami
586 1264 977 1320 succrescebant,
995 1264 1276 1311 constantior
1278 1267 1446 1326 firma
1465 1274 1615 1317 textus

119 1328 327 1378 inducta
350 1336 437 1377 est.
506 1328 615 1377 Jam
639 1328 803 1376 multis
827 1329 968 1377 rebus
1004 1329 1198 1392 penitus
1241 1347 1473 1379 conversa
1507 1343 1611 1383 erat

118 1394 269 1443 facies
311 1394 594 1443 Graecarum
652 1393 915 1451 literarum,
969 1395 1041 1441 uti
1085 1395 1295 1459 ipsarum
1338 1397 1604 1448 civitatum.

121 1459 216 1508 Pro
238 1460 373 1518 foris,
407 1476 497 1525 pro
527 1460 726 1523 pulpitis
763 1468 812 1508 et
846 1460 1002 1508 scenis
1036 1469 1085 1508 et
1122 1460 1482 1511 celebritatibus
1521 1482 1609 1530 pu-

115 1526 256 1574 blicis
278 1543 446 1574 musea
470 1534 520 1573 et
543 1525 867 1582 bibliothecae,
888 1542 976 1589 pro
1000 1526 1214 1590 ingenio,
1234 1529 1535 1591 propriarum
1560 1549 1609 1579 o-

114 1609 232 1657 pum
258 1591 426 1649 divite,
462 1591 652 1655 trepida
676 1598 726 1638 et
765 1592 1090 1639 mediocribus
1131 1593 1256 1639 ausis
1294 1610 1343 1640 se
1387 1597 1606 1645 commit-

114 1666 223 1706 tens
245 1657 468 1714 imitatio,
504 1673 592 1720 pro
616 1657 773 1720 poesis
805 1665 854 1705 et
893 1657 1184 1720 eloquentiae
1222 1659 1604 1710 concitatissimo

116 1723 287 1788 spiritu
331 1723 503 1779 sobria,
563 1738 689 1786 saepe
736 1721 914 1787 frigida
967 1723 1190 1779 eruditio,
1244 1723 1294 1770 in
1342 1741 1604 1791 omnesque

110 1796 271 1852 partes
307 1789 636 1836 doctrinarum
662 1787 834 1835 diffusa
856 1787 1019 1845 lectio,
1057 1805 1144 1852 pro
1181 1789 1475 1839 inventionis
1516 1793 1606 1841 sol-

112 1855 254 1903 lertia
276 1854 504 1903 sedulitas
544 1861 594 1901 et
631 1870 749 1902 cura
779 1861 830 1902 et
869 1854 997 1900 nitor
1038 1854 1233 1918 quidam
1275 1855 1602 1919 dispositionis

110 1920 389 1985 po‘eticique
414 1919 662 1976 sermonis,
682 1936 771 1983 pro
795 1919 970 1966 artium
996 1919 1206 1983 denique
1231 1922 1447 1968 omnium
1471 1940 1603 1988 mag-

112 1986 258 2034 nifico
299 1994 350 2034 et
385 1985 550 2033 nativo
602 1984 722 2033 flore
763 1984 957 2033 corollae
995 2002 1055 2033 ex
1097 1985 1313 2050 undique
1359 1986 1602 2053 decerptis

152 2137 171 2157 a
194 2127 258 2158 Res
273 2137 292 2157 a
306 2127 432 2158 nemine
454 2127 620 2168 attingitur
644 2133 755 2166 praeter
780 2125 910 2157 Suidam
936 2126 975 2157 T.
1001 2127 1029 2157 Ι.
1049 2137 1078 2166 p.
1098 2130 1170 2158 509.
1192 2132 1223 2156 et
1247 2131 1404 2157 auctorem
1427 2134 1486 2159 vet.
1517 2129 1603 2161 Vitae

110 2170 201 2200 Arati
217 2170 250 2200 in
267 2170 388 2201 Petavii
403 2170 534 2201 Uranol.
550 2181 578 2209 p.
595 2173 666 2201 270.
682 2171 723 2200 A.
768 2169 936 2200 Posterior-i
963 2176 1068 2200 tamen
1092 2169 1224 2200 admove
1246 2168 1346 2199 aliam·
1362 2177 1421 2200 vet.
1438 2172 1546 2202 Vitam
1568 2173 1603 2203 in

108 2213 246 2243 Ernestii
271 2213 464 2244 Callimacho
487 2213 625 2252 primum
651 2213 810 2253 vulgatam
835 2212 873 2242 T.
894 2212 919 2243 1.
944 2222 972 2251 p.
989 2215 1060 2243 591.
1105 2212 1295 2253 Ubicunque
1319 2213 1454 2244 Aratum
1471 2214 1602 2246 laudant

108 2255 224 2286 Scholl.
243 2262 275 2286 et
301 2256 493 2291 Eusmthius,
511 2256 657 2296 ablegant
679 2266 737 2286 nos
751 2255 791 2286 ad
813 2262 888 2285 nota
910 2255 1071 2286 Po'e'mata.
1117 2255 1179 2286 Sed
1201 2254 1336 2286 notabile
1351 2262 1408 2293 est,
1432 2257 1516 2297 quod
1535 2259 1603 2298 jam

104 2305 175 2329 tum
189 2299 350 2329 dicebatur
367 2299 576 2330 Homericum
595 2300 731 2330 Carmen
753 2299 941 2337 λελυμάνθαι
965 2299 1019 2329 25ae3
1035 2299 1162 2333 πολλῶ,
1185 2309 1284 2339 quum
1300 2299 1350 2328 vix
1367 2299 1451 2330 ullus
1468 2301 1600 2333 Critico.

104 2351 185 2377 rum,
202 2348 331 2381 excepto
348 2341 519 2378 Zenodoto‚
535 2341 575 2372 ad
590 2341 854 2381 corrumpendum
865 2341 905 2371 de
919 2341 1072 2371 industria
1087 2341 1285 2380 prosiluisset.
1329 2341 1437 2372 Etiam
1453 2343 1512 2374 hoc
1524 2354 1601 2375 con-

104 2384 208 2415 firmat
222 2395 267 2420 ea,
281 2395 353 2425 quae
368 2384 511 2423 superius
533 2384 599 2414 dixi
621 2383 660 2414 de
675 2383 836 2423 rhapsodis
851 2390 882 2414 et
899 2384 1008 2423 primis
1029 2384 1277 2423 descriptoribus,
1295 2391 1466 2425 sponteque
1480 2386 1514 2416 in
1529 2397 1596 2418 me-

102 2428 236 2459 moriam
252 2434 374 2458 revocat
397 2428 557 2458 monitum
579 2427 725 2458 Timonis
747 2437 778 2456 n.
793 2430 844 2456 42.
867 2434 957 2462 recte,
984 2434 1021 2457 ut
1046 2428 1165 2466 opinor,
1181 2434 1345 2467 acceptum
1360 2438 1379 2458 a
1404 2428 1547 2460 Fabricio
1567 2441 1598 2470 p.

100 2473 173 2544 3⁶3·
186 2512 230 2545 A'.
246 2516 295 2546 97.
312 2516 385 2544 555·
403 2512 444 2544 τ’.
463 2515 534 2544 559.
547 2513 582 2543 c'.
600 2516 648 2543 lo.
665 2515 714 2542 ll.
730 2513 810 2553 (non
825 2511 896 2542 lecti
908 2514 932 2543 ἔν
948 2515 987 2546 τῆ
999 2513 1116 2553 Ῥιανοῦ)
1133 2512 1168 2543 τ’.
1185 2516 1238 2544 41.
1256 2513 1287 2544 ν’.
1306 2516 1376 2543 188-
1385 2517 1458 2545 551.
1473 2514 1510 2555 φ’.
1523 2519 1597 2547 607.

103 2558 149 2594 ψ’.
164 2559 216 2587 81.
232 2559 270 2587 ω’.
288 2560 340 2588 85.
379 2556 456 2586 Duo
470 2555 519 2586 vel
534 2556 594 2586 tria
607 2566 645 2585 ex
657 2555 706 2585 his
716 2555 938 2595 speciminibus
946 2547 1061 2586 babent
1075 2555 1159 2596 quod
1178 2556 1268 2586 valde
1284 2555 1466 2595 displiceat;
1486 2564 1597 2589 caetera

101 2599 278 2629 modestum
293 2599 351 2629 viri
367 2599 531 2640 ingenium
543 2598 688 2638 produnt.
736 2600 844 2638 Atque
865 2598 992 2629 fortasse
1007 2599 1073 2628 haec
1088 2599 1228 2629 recensio
1251 2599 1298 2640 (id
1314 2609 1430 2630 nomen
1447 2601 1476 2630 ei
1492 2600 1595 2631 vindi-

100 2647 150 2672 cat
166 2641 315 2682 loquendi
330 2641 443 2672 modus
457 2641 519 2677 ille,
537 2643 554 2674 ᾖ
567 2643 680 2676 Ῥιανοῦ,
697 2642 712 2674 ἡ
729 2642 813 2671 κατὰ
826 2642 942 2680 Ῥιαυὸυ)
964 2641 1026 2672 fuit
1037 2641 1069 2671 in
1089 2648 1238 2681 apparatu
1255 2642 1436 2673 Aristarchi.

141 2693 158 2714 c
180 2684 260 2725 Ejus
273 2691 335 2716 troe
345 2685 519 2716 afferuntur
534 2684 689 2719 lectiones,
707 2686 742 2715 α’.
759 2687 788 2714 3.
804 2686 939 2724 κεφαλάς
954 2694 1011 2723 pro
1028 2686 1147 2725 ψυχὰς,
1173 2685 1305 2726 (scilicet
1321 2695 1358 2715 ex
1376 2692 1413 2716 λ’.
1430 2688 1480 2716 55.
1496 2686 1549 2716 ubi
1565 2695 1592 2715 v.

100 2726 231 2767 Scholl.)
254 2733 287 2758 et
300 2728 329 2759 ι’.
344 2732 416 2759 657.
438 2727 590 2762 ἀναθέντες
606 2738 636 2767 p.
659 2727 824 2762 ἀνέσαντες,-
846 2728 996 2766 posterior
1018 2729 1049 2758 ἔκ
1074 2729 1124 2758 τοῦ
1139 2729 1408 2772 (συγγράμματος)
1425 2729 1491 2770 reo}
1508 2729 1594 2762 Zmo'-

98 2769 175 2801 δοται
188 2770 207 2799 ἰ.
223 2780 249 2801 e.
266 2773 308 2801 ad
323 2781 345 2801 s.
361 2770 465 2810 potius
479 2773 624 2802 adversus
640 2770 677 2800 Z·
723 2770 831 2800 Tertia
845 2770 945 2806 lectio,
970 2780 1033 2801 non
1055 2770 1147 2807 mala,
1172 2771 1209 2807 β’.
1235 2775 1306 2801 456.
1334 2771 1515 2810 ἐγγυαλίζει,
1544 2772 1594 2802 A-

97 2812 236 2852 pouonio
250 2813 428 2844 communis
441 2813 502 2844 fuit
516 2823 589 2844 cum
608 2813 766 2852 Aristoph.
788 2820 819 2843 et
846 2813 1035 2844 Aristarcho.
1082 2813 1263 2844 Scholiastae
1288 2815 1418 2843 verbum
1445 2813 1496 2849 ibi,
1521 2826 1591 2857 rgo-

97 2855 221 2929 ρίῗεηι,
244 2856 391 2888 omnibus
403 2856 488 2893 locis,
513 2856 548 2886 ni
562 2856 662 2893 fallor,
685 2856 725 2888 ad
739 2855 913 2898 singulares
927 2856 1022 2888 libros
1035 2856 1159 2889 criticos
1175 2857 1316 2897 pertinet,
1340 2865 1406 2887 non
1429 2855 1470 2887 ad
1492 2856 1592 2897 just-s

97 2911 126 2929 m

144 2899 221 2933 ὅστις.
