1856 3235
206 208 302 248 280
662 196 1223 246 PROLEGOMENA.

197 329 293 377 XL
329 336 466 376 erant
500 328 706 392 profecti
743 329 802 376 ab
848 329 994 393 ipsius
1042 327 1295 392 disciplina
1319 332 1352 383 ³,
1392 327 1568 390 aliique
1613 329 1672 375 ab

200 394 526 443 Aristarcheis
549 394 760 443 instituti
785 395 917 442 hunc
937 394 1262 458 Pythagorica
1285 392 1491 457 quadam
1517 409 1680 455 super-

200 461 396 508 stitione
423 477 519 507 uno
543 477 626 508 ore
659 460 797 508 velut
835 460 980 507 deum
1005 476 1146 506 suum
1173 458 1406 514 colerent,
1449 466 1506 506 ut
1542 457 1683 521 profi-

198 534 420 573 terentur
445 526 604 582 etiarn,
632 526 773 572 malle
798 543 847 573 se
873 542 932 572 eo
973 525 1098 572 duce
1141 541 1298 572 errare
1338 525 1499 588 potius
1539 540 1682 586 quam

200 609 315 639 vera
332 592 510 639 sentire
530 608 641 639 cum
666 591 853 638 caeteris
877 598 913 645 b,
939 589 1188 653 paullatim
1204 590 1267 636 ad
1291 607 1370 637 eos
1392 606 1559 637 omnes
1584 589 1683 652 qui,

201 657 387 705 scholas
410 656 603 704 illorum
627 656 1016 719 frequentabant,
1049 655 1315 717 studiisque
1340 655 1589 702 literarum
1636 661 1687 702 et

200 723 355 786 poetis
379 722 770 785 interpretandis,
814 721 1021 784 aliquam
1046 728 1232 782 partem
1256 721 1411 767 aetatis
1445 720 1690 784 impertie-

201 790 334 844 bant,
361 788 437 852 (id
461 796 624 834 autem
663 804 750 851 per
774 787 866 834 ista
903 786 1079 834 saecula
1101 785 1363 833 liberaliter
1404 785 1689 834 educandus

203 855 405 918 quisque
446 852 698 914 faciebat,)
739 853 913 916 ingens
937 852 1027 899 viri
1069 851 1334 898 dimanavit
1380 851 1692 907 existimatio,

203 934 481 982 nomenque
507 919 865 982 quodammodo
889 918 1170 964 traductum
1195 925 1268 964 est
1292 917 1340 963 in
1360 917 1512 979 ipsam
1537 923 1690 963 artem

206 985 607 1049 explicandorum
650 993 699 1031 et
746 983 1139 1047 castigandorum
1199 982 1489 1046 scriptorum
1514 985 1546 1027 ⁰.
1618 981 1697 1027 Ita

204 1051 389 1098 factum
414 1059 486 1097 est
511 1049 737 1112 denique,
764 1058 837 1105 ut,
878 1047 1095 1112 quamvis
1143 1048 1292 1094 vitam
1319 1056 1367 1094 et
1403 1047 1550 1094 libros
1593 1046 1696 1110 ejus

205 1116 359 1163 multo
376 1116 535 1161 minus
555 1131 699 1177 quam
720 1114 1061 1177 Aristophanis
1080 1113 1310 1169 norimus,
1331 1113 1432 1175 ipse
1451 1112 1695 1175 hodieque

203 1184 253 1228 in
281 1180 453 1243 vulgus
479 1180 714 1227 celebrior
739 1179 800 1226 sit
819 1189 869 1226 et
895 1178 1225 1241 Aristophane
1250 1187 1301 1225 et
1323 1178 1518 1240 reliquis
1543 1177 1697 1223 omni-

205 1250 309 1302 bus,
337 1246 418 1309 qui
443 1245 557 1292 olim
581 1246 630 1292 in
655 1245 747 1292 hoc
789 1245 986 1292 minime
1024 1243 1200 1291 illustri
1237 1259 1420 1307 genere
1461 1243 1701 1290 doctrinae

209 1313 515 1360 elaborarunt
539 1319 572 1357 d.
1687 1308 1689 1310 ’

275 1378 473 1425 Dicitur
500 1377 814 1424 Aristarchus
839 1375 1047 1439 amplius
1090 1374 1276 1422 DCCC
1313 1373 1701 1422 Commentarios

208 1443 548 1507 grammaticos
587 1451 636 1490 et
673 1443 869 1490 criticos
914 1441 1274 1504 conscripsisse,
1309 1457 1385 1498 ac,
1420 1440 1460 1488 si
1502 1439 1701 1488 Suidam

211 1519 343 1558 recte
363 1509 599 1572 intelligo,
618 1508 738 1555 nihil
763 1508 894 1555 aliud
919 1524 1064 1571 quam
1090 1506 1478 1554 Commentarios
1502 1516 1534 1552 e.
1605 1505 1702 1553 Ve-

253 1661 271 1679 a
295 1650 473 1679 Paucorum
491 1654 635 1678 accurata
650 1648 801 1678 memoria
817 1654 922 1681 exstat,
947 1646 1174 1677 nonnullorum
1187 1645 1233 1676 nil
1249 1645 1308 1675 nisi
1323 1646 1453 1676 obscura
1468 1645 1607 1679 nomina,
1623 1644 1708 1684 apud

213 1693 342 1723 Sciriam
360 1692 481 1730 prodita
495 1692 617 1730 passim,
643 1698 678 1721 ut
697 1694 720 1721 Α
728 1691 801 1730 peri,
828 1691 1002 1721 Dicaearchi
1020 1689 1248 1720 Lacedaemonii
1264 1695 1323 1718 etc.
1369 1688 1500 1724 Eorum,
1517 1688 1571 1728 qui
1587 1687 1706 1728 aliquid

211 1736 251 1766 ad
270 1737 447 1765 Homerum
465 1734 664 1764 commentati
680 1741 760 1769 sunt,
785 1735 911 1773 posthac
926 1733 1044 1763 mentio
1060 1733 1120 1762 fiet.
1167 1732 1232 1762 Hic
1247 1738 1277 1762 et
1293 1731 1365 1761 alibi
1388 1731 1478 1761 valde
1493 1730 1707 1761 desideramus

211 1778 442 1818 diligentissimi
461 1777 560 1807 lensii
577 1777 763 1816 promissum
779 1788 857 1816 opus
871 1777 910 1806 de
928 1775 1150 1807 Grammaticis
1168 1775 1222 1804 Gr.

255 1823 275 1851 b
303 1823 442 1860 Apparet
457 1822 514 1850 hoc
530 1831 568 1850 ex
583 1820 691 1850 multis
706 1820 782 1850 locis
798 1820 1003 1854 Scholiomm,
1026 1818 1060 1848 in
1076 1818 1188 1858 quibus
1203 1817 1235 1847 hi
1252 1817 1388 1847 maxime
1409 1816 1534 1847 ridiculi
1560 1821 1642 1852 sunt,
1667 1816 1708 1845 ad

214 1869 250 1898 β’.
267 1868 338 1895 516.
360 1862 479 1895 Ἐπειδὴ
495 1864 582 1897 οὕτως
599 1862 677 1894 δοκεῖ
688 1866 731 1903 τῷ
748 1864 942 1905 Ἀςιστάξχῳ,
968 1863 1135 1900 πειθόμεθα
1160 1862 1249 1900 αὐτῷ,
1273 1861 1308 1894 ὦς
1335 1862 1411 1891 πάνυ
1434 1859 1543 1900 ἀρίστῳ
1566 1867 1711 1903 Γραμμα-

215 1910 296 1948 τιιῷ,
319 1913 349 1936 et
365 1907 404 1937 ad
419 1907 452 1937 δ’.
467 1910 538 1937 235.
562 1909 684 1937 Μᾶλλον
700 1907 825 1937 πειστέον
843 1907 1031 1948 Ἀριστάρχῳ
1056 1905 1072 1938 ἦ
1097 1903 1314 1945 «τᾷἰἛρμωπίᾳ,
1339 1904 1363 1934 εἷ
1385 1904 1436 1933 καὶ
1461 1901 1539 1934 δοκεῖ
1548 1902 1711 1935 ἀληθεύειν.

257 1961 274 1980 c
298 1950 432 1980 Eximiae
449 1949 487 1979 de
506 1950 685 1980 Aristarcho
701 1950 809 1979 laudes
823 1955 898 1978 sunt
912 1949 1038 1987 aequalis
1054 1946 1237 1986 philosophi,
1259 1945 1397 1981 Panaetii,
1414 1956 1462 1984 ap.
1481 1947 1596 1976 Athen.
1613 1945 1712 1975 XIV.

215 2005 243 2033 p.
261 1997 332 2024 654.
358 1993 393 2023 C.
410 1993 546 2022 vocantis
560 1993 652 2022 illum
666 1993 776 2031 μάντιν.
797 1991 842 2022 διὰ
859 1993 891 2021 τὸ
906 1990 1004 2031 ῥᾳδίως
1020 1990 1298 2021 καταμαντεύεσθαι
1325 1990 1379 2022 τὰς
1396 1989 1451 2019 ’τίὲν
1469 1989 1636 2027 ποιημάτων
1650 1986 1711 2018 Bm-

217 2037 296 2070 νοίας,
322 2043 352 2066 et
372 2036 457 2066 Sexti
474 2036 592 2075 Empir.
609 2046 634 2065 c.
652 2036 751 2065 Math.
772 2035 833 2065 IX.
854 2038 921 2065 110.
938 2035 991 2073 qui
1008 2043 1082 2063 eum
1099 2033 1225 2063 Platoni
1241 2033 1436 2072 aliarumque
1450 2032 1564 2061 artium
1581 2030 1714 2062 summis

216 2079 351 2119 ingeniis
369 2085 534 2118 comparat.
582 2078 728 2108 Notiores
743 2078 804 2108 loci
819 2085 893 2107 sunt
909 2078 1103 2111 Latinorum,
1126 2076 1159 2105 in
1176 2075 1283 2114 primis
1307 2074 1432 2105 Horatii
1461 2075 1530 2105 Art.
1546 2075 1627 2114 po'et.
1643 2077 1715 2104 450.

220 2122 380 2153 Ciceronis
396 2123 476 2161 Epp.
492 2122 531 2152 ad
550 2123 615 2151 Att.
636 2122 662 2152 I.
682 2125 730 2152 14.

261 2166 281 2195 d
307 2166 371 2196 Cur
387 2165 623 2205 grammaticam
640 2165 813 2194 doctrinam
830 2166 955 2194 minime
972 2165 1119 2193 illustrem
1142 2161 1304 2201 appellem,
1323 2162 1418 2200 probe
1432 2159 1620 2200 intelligent,
1644 2159 1714 2200 qui-

218 2211 276 2238 bus
292 2209 499 2248 antiquarum,
524 2209 693 2247 praesertim
709 2208 886 2242 liberarum,
908 2207 1068 2236 civitatum
1088 2216 1190 2235 mores
1205 2211 1236 2235 et
1260 2204 1362 2234 studia
1384 2203 1510 2244 cognita
1535 2208 1617 2233 sunt.
1665 2201 1716 2232 De

218 2252 331 2291 quibus
347 2253 437 2280 verbo
452 2251 562 2281 monui
578 2250 618 2280 ad
634 2262 661 2288 p.
682 2251 847 2281 XLVIII.
894 2250 954 2279 Sed
971 2249 1004 2278 in
1020 2255 1150 2288 utroque
1167 2248 1290 2286 populo,
1306 2254 1343 2277 ut
1356 2257 1490 2287 quaeque
1504 2257 1554 2276 ars
1567 2252 1598 2277 et
1613 2245 1718 2276 scien-

220 2296 262 2324 tia
278 2295 419 2324 subtilior
434 2301 499 2323 erat
516 2302 548 2324 et
563 2304 599 2323 ex
617 2294 819 2323 abditioribus
843 2293 981 2322 fontibus
1005 2291 1185 2325 haurienda,
1210 2291 1252 2320 ita
1279 2291 1383 2320 minus
1401 2289 1509 2330 gratiae
1534 2295 1565 2319 et
1588 2287 1716 2319 honoris

220 2339 350 2367 hahebat
366 2337 396 2366 in
416 2338 535 2375 vulgus,
584 2338 693 2376 Itaque
716 2337 762 2366 vel
789 2336 1024 2366 utilissimarum
1052 2344 1156 2364 rerum
1183 2335 1281 2373 periti,
1308 2334 1495 2368 Geometrae,
1522 2331 1714 2366 Astronomi‚

221 2381 348 2414 Medici.
376 2380 579 2410 Grammatici
596 2387 627 2409 et
644 2380 750 2410 Critici
768 2390 854 2417 paene
872 2379 1152 2409 contemnebantur
1168 2388 1231 2416 prae
1249 2377 1380 2407 Oratore
1395 2382 1427 2406 et
1441 2385 1546 2406 rerum
1571 2373 1715 2404 civilium

220 2423 390 2463 prudente:
424 2424 487 2461 ipse
520 2426 544 2453 A
552 2423 724 2453 rchimedes
753 2424 877 2453 (zumilis
907 2423 1106 2452 homunculus
1137 2427 1182 2450 cst
1212 2420 1251 2450 ad
1284 2420 1452 2450 Platonem
1474 2424 1505 2448 et
1534 2418 1714 2457 Archytam.

222 2468 412 2505 Quanquam
439 2466 537 2496 fastus
552 2466 602 2495 hic
618 2474 663 2496 est
684 2467 907 2499 Romanorum,
931 2466 985 2504 qui
1012 2465 1119 2503 magis,
1144 2474 1238 2503 quaxn
1263 2473 1403 2503 unquam
1434 2461 1538 2492 Graeci
1561 2460 1715 2496 fecerunt,

222 2510 359 2540 liberalia
374 2509 477 2539 studia
499 2508 537 2539 ad
562 2509 711 2539 lucellum
736 2510 778 2539 rei
806 2508 937 2547 puhlicae
966 2514 996 2537 et
1022 2507 1202 2546 popularem
1227 2507 1359 2546 gloriam
1386 2505 1578 2534 revocabant.
1625 2503 1719 2533 Conf.

225 2553 343 2584 Mureti
363 2553 435 2581 Var.
454 2552 550 2582 Lectt
567 2552 628 2582 VI.
649 2556 673 2583 l.
690 2553 744 2582 ubi
760 2562 829 2593 quae
844 2551 883 2582 de
899 2551 1093 2590 philosophia
1109 2550 1266 2584 dicuntur,
1287 2549 1388 2578 multo
1403 2547 1498 2578 etiam
1514 2546 1634 2576 veriora
1647 2552 1724 2576 sunt

222 2597 261 2628 de
277 2595 487 2636 grammaticis
511 2594 629 2625 studiis.

264 2651 281 2669 e
308 2640 388 2669 Nam
405 2638 553 2677 ambigua
568 2647 641 2667 sunt
658 2639 750 2667 verba
767 2637 873 2667 Suidae
900 2648 926 2667 v.
950 2638 1165 2680 Ἀρίσ-ταςχαςε
1194 2636 1316 2674 Λέγεται
1345 2635 1468 2675 ’γράψαι
1496 2633 1564 2674 ὑπὲρ
1580 2632 1602 2662 ὠ
1617 2631 1724 2668 βιβλία

224 2683 436 2721 ὑπομνημάτων
450 2683 544 2720 μὸνων.
591 2680 652 2710 Sed
672 2691 825 2720 nusquam
841 2682 874 2710 in
889 2687 934 2711 tot
950 2681 1028 2710 locis
1042 2687 1180 2709 veterum
1208 2678 1308 2708 ullum
1337 2677 1501 2716 proprium
1530 2685 1609 2714 opus
1634 2674 1724 2705 Aris-

223 2727 321 2756 tarchi
347 2731 545 2758 memoratur,
582 2730 616 2753 ut
632 2725 693 2753 huc
717 2724 910 2762 potissimum
927 2723 1080 2763 pertinere
1097 2729 1204 2761 putem
1231 2731 1250 2751 a
1266 2721 1418 2759 Porphyr.
1445 2719 1478 2749 in
1504 2719 1583 2749 Hor.
1612 2718 1723 2756 Epistt.

226 2770 274 2799 ΙΙ.
293 2773 317 2799 l.
342 2771 413 2798 5257.
436 2774 592 2798 servatum
607 2766 725 2796 dictum
755 2767 934 2801 Aristarchi,
959 2769 1013 2806 qni
1040 2777 1131 2804 (suzam
1160 2766 1254 2795 multa
1271 2765 1500 2803 reprehenderit
1519 2764 1552 2792 in
1583 2762 1726 2796 Homero,

225 2813 454 2853 (interrogatus,
480 2817 562 2849 puta,
585 2811 624 2840 ab
639 2810 751 2850 aliquo,
775 2820 832 2840 cur
848 2820 910 2839 non
927 2810 991 2848 ipse
1017 2809 1152 2839 Carmen
1182 2812 1383 2846 componeret
1412 2805 1451 2836 ad
1479 2804 1618 2845 optimas
1644 2803 1729 2844 leges

225 2856 323 2892 artis,)
347 2857 456 2888 aicbat,
487 2856 592 2893 Neque
606 2864 635 2883 se
647 2864 730 2892 posse
752 2854 889 2887 scribere,
913 2854 1165 2892 quemadmodum
1196 2852 1286 2884 vellet,
1311 2860 1407 2889 neque
1431 2850 1510 2883 velle,
1535 2849 1728 2888 quemadmo»

225 2901 297 2928 (lum
319 2904 424 2935 possvt.
472 2896 569 2926 Haud
586 2896 717 2926 absurda
734 2896 870 2934 profecto
886 2906 953 2927 vox.
977 2901 1009 2925 et
1024 2893 1196 2934 prudentiae
1219 2892 1443 2933 modettiaeque
1470 2890 1578 2931 plena;
1604 2889 1726 2922 similis-

227 2952 287 2980 que
302 2948 348 2970 est
363 2941 513 2970 sententia
528 2940 634 2980 poetae,
660 2940 793 2978 Fungar
809 2942 870 2970 vice
894 2940 967 2969 cotis
984 2944 1040 2968 etc.
