1856 3235
531 644 1296 715 PROLEGOMENA.

916 1081 957 1128 Ι.

199 1242 500 1313 DUPLEX
533 1263 586 1310 in
620 1261 789 1327 primis
825 1277 981 1326 genus
1017 1269 1091 1310 est
1142 1261 1515 1322 emendationis,
1562 1261 1695 1326 quod

196 1331 330 1380 libris
364 1339 585 1379 veterum
611 1329 858 1376 admoveri
883 1337 933 1376 et
965 1335 1129 1393 potest
1167 1337 1217 1377 et
1254 1329 1396 1387 solet,
1429 1337 1485 1378 ut
1515 1346 1543 1376 a
1565 1327 1695 1376 vitiis

199 1405 249 1445 et
272 1397 493 1454 maculis,
518 1411 635 1459 quas
660 1412 721 1442 ex
754 1394 903 1459 longa
924 1395 1318 1459 peregrinatione
1350 1397 1401 1442 in
1424 1394 1697 1443 barbariem

197 1463 351 1510 varias
374 1462 702 1526 plurimasque
726 1469 999 1518 traxerunt,
1033 1461 1242 1519 liberati,
1267 1461 1465 1525 propius
1489 1461 1552 1508 ad
1576 1460 1696 1508 anti-

197 1545 343 1592 quam
368 1535 418 1575 et
442 1543 576 1575 suam
610 1527 815 1574 formam
850 1534 1160 1574 revocentur.
1231 1527 1460 1575 Alterum
1482 1527 1592 1591 plus
1616 1542 1698 1573 ne-

196 1594 319 1658 gotii
345 1601 411 1651 et,
446 1609 587 1656 paene
612 1592 836 1650 dixerim,
873 1609 1103 1640 aerumnae
1136 1592 1307 1651 habet3
1346 1593 1553 1640 alterum
1587 1592 1697 1656 plus

199 1660 368 1707 otiosae
413 1658 775 1706 delectationis:
826 1667 1109 1722 utrumque,
1158 1668 1293 1706 recte
1342 1659 1380 1706 si
1421 1659 1698 1715 adhibetur,

198 1725 319 1773 utile
344 1732 443 1783 est3
480 1732 530 1772 at
553 1723 761 1771 alterum
795 1723 978 1772 utilius.
1051 1724 1181 1772 Nam
1218 1725 1300 1788 qui
1327 1725 1523 1788 optimis
1549 1724 1698 1772 subsi-

200 1791 291 1839 diis
314 1790 393 1839 vel
416 1790 616 1837 minime
651 1790 938 1849 instructus,
976 1791 1263 1855 scriptorem
1298 1791 1436 1838 nobis
1473 1791 1699 1839 emenda-

197 1857 373 1904 tiorem
395 1856 576 1914 reddit,
614 1855 715 1904 sive
738 1856 938 1920 ingenio
976 1874 1081 1915 suo,
1117 1858 1217 1905 sive
1252 1874 1522 1921 paucorum
1556 1857 1700 1904 libro-

198 1939 307 1970 rum
330 1939 446 1981 usu3
485 1922 703 1986 quamvis
727 1922 809 1969 vix
849 1923 1053 1988 triginta
1087 1940 1250 1971 naevos
1283 1923 1551 1981 sustulerit,
1588 1939 1701 1970 cen-

198 1996 306 2036 tum
329 1988 590 2052 relinquat‚
626 2004 739 2035 eum
762 1995 926 2036 tamen
952 2006 1097 2038 nemo
1123 1990 1184 2038 de
1209 1990 1350 2038 bonis
1372 1989 1549 2037 litteris
1571 1989 1700 2037 bene

199 2054 375 2102 mereri
399 2062 563 2117 neget.
635 2054 810 2117 Itaque
851 2072 927 2104 res
968 2055 1073 2103 fieri
1105 2055 1291 2103 solebat
1331 2063 1438 2103 tum
1470 2055 1700 2112 maxime,

202 2136 352 2183 quum
375 2119 485 2167 libri
511 2120 696 2168 calamo
722 2120 891 2184 scripti
925 2137 1025 2168 non
1048 2121 1118 2170 ita
1140 2121 1331 2185 pridem
1355 2120 1502 2185 prelis
1527 2120 1702 2184 subjici

205 2185 484 2248 coepissent,
538 2186 688 2249 inque
729 2186 831 2234 dies
872 2204 1059 2235 summa
1096 2204 1335 2235 novorum
1376 2187 1703 2235 subsidiorum

204 2252 508 2315 exspectatio
532 2260 674 2299 esset.
747 2253 910 2308 Quem
934 2270 1120 2302 morem
1143 2261 1314 2318 postea
1341 2253 1562 2317 plerique
1589 2260 1703 2299 sunt

201 2317 379 2365 imitati
411 2317 471 2365 ad
496 2326 709 2365 nostram
746 2327 960 2379 aetatem,
1003 2321 1149 2368 etiam
1184 2319 1235 2367 in
1275 2320 1332 2367 iis
1368 2318 1704 2383 scriptoribus,

204 2383 288 2446 qui
314 2383 485 2431 critica
508 2384 710 2431 materia
746 2392 796 2432 et
835 2386 967 2433 omni
1002 2402 1184 2450 genere
1226 2385 1621 2450 adjumentorum
1660 2402 1706 2431 a-

202 2449 497 2496 bundarent.
590 2450 833 2497 Nimirum
878 2453 1025 2516 pauci
1071 2469 1308 2500 novarum
1361 2451 1707 2500 recensionum

206 2522 431 2563 auctores
449 2515 517 2563 ita
541 2524 712 2579 agunt,
738 2524 822 2564 aut
846 2533 952 2564 eam
975 2518 1151 2566 laboris
1170 2518 1458 2582 patientiam
1481 2517 1707 2573 afferunt,

206 2588 262 2627 ut
286 2597 347 2628 ex
365 2580 484 2629 locis
510 2582 623 2629 satis
643 2598 769 2646 saepe
795 2583 1060 2632 reconditis
1076 2592 1127 2632 et
1151 2584 1422 2648 disparatis,
1446 2584 1497 2630 in
1520 2582 1709 2648 primis-

207 2662 303 2709 que
327 2663 388 2694 ex
412 2648 658 2695 veteribus
684 2648 1060 2712 exemplaribus,
1080 2667 1275 2698 omnem
1299 2650 1587 2698 varietatem
1611 2648 1708 2695 lec-

206 2711 353 2759 tionis
379 2713 687 2772 contrahant,
713 2731 808 2778 qua
833 2715 1011 2764 deinde
1037 2734 1150 2765 cum
1173 2716 1385 2781 vulgatis
1411 2721 1709 2779 comparata,

209 2786 515 2827 constantem
541 2781 935 2829 emendationem
973 2783 1338 2848 aggrediantur.
1410 2781 1568 2829 Immo
1596 2795 1709 2827 con-

208 2842 388 2891 sistunt
409 2843 512 2893 fere
537 2855 642 2893 tum
668 2847 884 2905 demum,
909 2848 993 2896 ubi
1018 2849 1298 2914 impeditior
1322 2864 1490 2896 sensus
1508 2846 1587 2893 vel
1607 2846 1710 2909 ipsa

209 2909 372 2972 specie
394 2910 706 2962 manifestum
740 2914 916 2963 vitium
935 2914 1190 2979 objicitur3
1220 2914 1325 2979 jam
1349 2914 1411 2963 ad
1436 2912 1589 2962 varias
1613 2911 1711 2959 lec-
