<?xml version="1.0" encoding="UTF-8"?>
<!DOCTYPE html PUBLIC "-//W3C//DTD XHTML 1.0 Transitional//EN"
    "http://www.w3.org/TR/xhtml1/DTD/xhtml1-transitional.dtd">
<html xmlns="http://www.w3.org/1999/xhtml" xml:lang="en" lang="en">
 <head>
  <title>
</title>
<meta http-equiv="Content-Type" content="text/html;charset=utf-8" />
  <meta name='ocr-system' content='tesseract 3.04.00' />
  <meta name='ocr-capabilities' content='ocr_page ocr_carea ocr_par ocr_line ocrx_word'/>
</head>
<body>
  <div class='ocr_page' id='page_1' title='image "./operaomnia05home/operaomnia05home_0308.png"; bbox 0 0 1856 3235; ppageno 0'>
   <div class='ocr_carea' id='block_1_1' title="bbox 211 203 1269 257">
    <p class='ocr_par' dir='ltr' id='par_1_1' title="bbox 211 203 1269 257">
     <span class='ocr_line' id='line_1_1' title="bbox 211 203 1269 257; baseline -0.004 0"><span class='ocrx_word' id='word_1_1' title='bbox 211 217 309 257; x_wconf 76' lang='lat'>284</span> <span class='ocrx_word' id='word_1_2' title='bbox 707 203 1269 254; x_wconf 87' lang='lat' dir='ltr'><strong>PROLEGOMENA.</strong></span> 
     </span>
    </p>
   </div>
   <div class='ocr_carea' id='block_1_2' title="bbox 216 334 1718 2302">
    <p class='ocr_par' dir='ltr' id='par_1_2' title="bbox 216 334 1718 2302">
     <span class='ocr_line' id='line_1_2' title="bbox 216 334 1708 400; baseline 0 -14"><span class='ocrx_word' id='word_1_3' title='bbox 216 338 333 387; x_wconf 91' lang='lat' dir='ltr'>olim</span> <span class='ocrx_word' id='word_1_4' title='bbox 356 336 409 384; x_wconf 92' lang='lat' dir='ltr'>in</span> <span class='ocrx_word' id='word_1_5' title='bbox 435 334 653 384; x_wconf 87' lang='lat' dir='ltr'>Homero</span> <span class='ocrx_word' id='word_1_6' title='bbox 687 343 738 384; x_wconf 92' lang='lat' dir='ltr'>et</span> <span class='ocrx_word' id='word_1_7' title='bbox 760 337 895 400; x_wconf 90' lang='lat' dir='ltr'>quasi</span> <span class='ocrx_word' id='word_1_8' title='bbox 922 353 1033 385; x_wconf 90' lang='lat' dir='ltr'>cum</span> <span class='ocrx_word' id='word_1_9' title='bbox 1071 337 1290 385; x_wconf 82' lang='lat' dir='ltr'>Homero</span> <span class='ocrx_word' id='word_1_10' title='bbox 1332 335 1502 384; x_wconf 90' lang='lat' dir='ltr'>Critici</span> <span class='ocrx_word' id='word_1_11' title='bbox 1526 352 1708 394; x_wconf 87' lang='lat' dir='ltr'>omnes,</span> 
     </span>
     <span class='ocr_line' id='line_1_3' title="bbox 217 401 1712 467; baseline 0 -16"><span class='ocrx_word' id='word_1_12' title='bbox 217 402 501 467; x_wconf 83' lang='lat' dir='ltr'>impellente</span> <span class='ocrx_word' id='word_1_13' title='bbox 523 402 628 466; x_wconf 88' lang='lat' dir='ltr'>ipsa</span> <span class='ocrx_word' id='word_1_14' title='bbox 649 402 931 466; x_wconf 88' lang='lat' dir='ltr'>praestantia</span> <span class='ocrx_word' id='word_1_15' title='bbox 962 403 1265 461; x_wconf 87' lang='lat' dir='ltr'>Carminum,</span> <span class='ocrx_word' id='word_1_16' title='bbox 1298 410 1355 449; x_wconf 90' lang='lat' dir='ltr'>ut</span> <span class='ocrx_word' id='word_1_17' title='bbox 1377 401 1497 448; x_wconf 90' lang='lat' dir='ltr'>nihil</span> <span class='ocrx_word' id='word_1_18' title='bbox 1521 403 1712 451; x_wconf 91' lang='lat' dir='ltr'>omitte-</span> 
     </span>
     <span class='ocr_line' id='line_1_4' title="bbox 216 468 1713 531; baseline -0.001 -13"><span class='ocrx_word' id='word_1_19' title='bbox 216 475 344 524; x_wconf 86' lang='lat' dir='ltr'>rent,</span> <span class='ocrx_word' id='word_1_20' title='bbox 381 484 478 531; x_wconf 92' lang='lat' dir='ltr'>quo</span> <span class='ocrx_word' id='word_1_21' title='bbox 501 469 669 531; x_wconf 84' lang='lat' dir='ltr'>augeri</span> <span class='ocrx_word' id='word_1_22' title='bbox 693 485 750 516; x_wconf 87' lang='lat' dir='ltr'>ea</span> <span class='ocrx_word' id='word_1_23' title='bbox 783 476 960 531; x_wconf 90' lang='lat' dir='ltr'>posset,</span> <span class='ocrx_word' id='word_1_24' title='bbox 983 476 1033 515; x_wconf 91' lang='lat' dir='ltr'>et</span> <span class='ocrx_word' id='word_1_25' title='bbox 1066 468 1444 531; x_wconf 88' lang='lat' dir='ltr'>perfectissimus</span> <span class='ocrx_word' id='word_1_26' title='bbox 1480 469 1713 516; x_wconf 91' lang='lat' dir='ltr'>sermonis</span> 
     </span>
     <span class='ocr_line' id='line_1_5' title="bbox 220 532 1714 598; baseline -0.001 -16"><span class='ocrx_word' id='word_1_27' title='bbox 220 542 271 582; x_wconf 92' lang='lat' dir='ltr'>et</span> <span class='ocrx_word' id='word_1_28' title='bbox 293 534 501 598; x_wconf 72' lang='lat' dir='ltr'>poeticae</span> <span class='ocrx_word' id='word_1_29' title='bbox 524 534 638 581; x_wconf 89' lang='lat' dir='ltr'>artis</span> <span class='ocrx_word' id='word_1_30' title='bbox 662 534 791 580; x_wconf 90' lang='lat' dir='ltr'>nitor</span> <span class='ocrx_word' id='word_1_31' title='bbox 813 533 998 580; x_wconf 88' lang='lat' dir='ltr'>induci.</span> <span class='ocrx_word' id='word_1_32' title='bbox 1070 533 1181 588; x_wconf 81' lang='lat' dir='ltr'>Qua</span> <span class='ocrx_word' id='word_1_33' title='bbox 1205 534 1256 579; x_wconf 91' lang='lat' dir='ltr'>in</span> <span class='ocrx_word' id='word_1_34' title='bbox 1279 550 1349 590; x_wconf 89' lang='lat' dir='ltr'>re,</span> <span class='ocrx_word' id='word_1_35' title='bbox 1389 549 1485 596; x_wconf 88' lang='lat' dir='ltr'>quo</span> <span class='ocrx_word' id='word_1_36' title='bbox 1511 532 1714 596; x_wconf 92' lang='lat' dir='ltr'>quisque</span> 
     </span>
     <span class='ocr_line' id='line_1_6' title="bbox 221 598 1715 664; baseline -0.001 -17"><span class='ocrx_word' id='word_1_37' title='bbox 221 599 519 664; x_wconf 84' lang='lat' dir='ltr'>ingeniosior</span> <span class='ocrx_word' id='word_1_38' title='bbox 565 607 682 654; x_wconf 90' lang='lat' dir='ltr'>erat,</span> <span class='ocrx_word' id='word_1_39' title='bbox 731 615 788 645; x_wconf 92' lang='lat' dir='ltr'>eo</span> <span class='ocrx_word' id='word_1_40' title='bbox 819 598 1106 662; x_wconf 87' lang='lat' dir='ltr'>plerumque</span> <span class='ocrx_word' id='word_1_41' title='bbox 1145 598 1479 646; x_wconf 85' lang='lat' dir='ltr'>immodestius</span> <span class='ocrx_word' id='word_1_42' title='bbox 1519 598 1715 645; x_wconf 88' lang='lat' dir='ltr'>videtur</span> 
     </span>
     <span class='ocr_line' id='line_1_7' title="bbox 220 663 1712 727; baseline -0.003 -13"><span class='ocrx_word' id='word_1_43' title='bbox 220 673 437 714; x_wconf 88' lang='lat' dir='ltr'>versatus</span> <span class='ocrx_word' id='word_1_44' title='bbox 461 681 580 720; x_wconf 88' lang='lat' dir='ltr'>esse,</span> <span class='ocrx_word' id='word_1_45' title='bbox 606 671 896 726; x_wconf 84' lang='lat' dir='ltr'>textumque</span> <span class='ocrx_word' id='word_1_46' title='bbox 929 680 1054 726; x_wconf 84' lang='lat' dir='ltr'>saepe</span> <span class='ocrx_word' id='word_1_47' title='bbox 1080 665 1365 726; x_wconf 84' lang='lat' dir='ltr'>depravasse</span> <span class='ocrx_word' id='word_1_48' title='bbox 1407 663 1712 727; x_wconf 78' lang='lat' dir='ltr'>corrigendo.</span> 
     </span>
     <span class='ocr_line' id='line_1_8' title="bbox 220 728 1711 792; baseline -0.002 -13"><span class='ocrx_word' id='word_1_49' title='bbox 220 731 423 779; x_wconf 84' lang='lat' dir='ltr'>Scilicet</span> <span class='ocrx_word' id='word_1_50' title='bbox 462 730 501 777; x_wconf 91' lang='lat' dir='ltr'>is</span> <span class='ocrx_word' id='word_1_51' title='bbox 537 729 709 777; x_wconf 90' lang='lat' dir='ltr'>critico</span> <span class='ocrx_word' id='word_1_52' title='bbox 740 728 930 792; x_wconf 86' lang='lat' dir='ltr'>judicio</span> <span class='ocrx_word' id='word_1_53' title='bbox 967 729 1175 776; x_wconf 76' lang='lat' dir='ltr'>maxime</span> <span class='ocrx_word' id='word_1_54' title='bbox 1211 728 1394 792; x_wconf 89' lang='lat' dir='ltr'>pollere</span> <span class='ocrx_word' id='word_1_55' title='bbox 1434 730 1711 792; x_wconf 87' lang='lat' dir='ltr'>putabatur,</span> 
     </span>
     <span class='ocr_line' id='line_1_9' title="bbox 219 793 1714 861; baseline -0.001 -17"><span class='ocrx_word' id='word_1_56' title='bbox 219 797 302 861; x_wconf 90' lang='lat' dir='ltr'>qui</span> <span class='ocrx_word' id='word_1_57' title='bbox 327 796 562 859; x_wconf 91' lang='lat' dir='ltr'>optimum</span> <span class='ocrx_word' id='word_1_58' title='bbox 581 798 776 859; x_wconf 78' lang='lat' dir='ltr'>po&#39;e‘tam</span> <span class='ocrx_word' id='word_1_59' title='bbox 795 794 991 858; x_wconf 88' lang='lat' dir='ltr'>proprio</span> <span class='ocrx_word' id='word_1_60' title='bbox 1009 794 1208 858; x_wconf 83' lang='lat' dir='ltr'>ingenio</span> <span class='ocrx_word' id='word_1_61' title='bbox 1228 793 1486 841; x_wconf 87' lang='lat' dir='ltr'>emendare</span> <span class='ocrx_word' id='word_1_62' title='bbox 1506 802 1714 857; x_wconf 90' lang='lat' dir='ltr'>poterat.</span> 
     </span>
     <span class='ocr_line' id='line_1_10' title="bbox 223 859 1717 910; baseline -0.001 -1"><span class='ocrx_word' id='word_1_63' title='bbox 223 861 325 910; x_wconf 92' lang='lat' dir='ltr'>Alii</span> <span class='ocrx_word' id='word_1_64' title='bbox 346 869 508 909; x_wconf 89' lang='lat' dir='ltr'>autem</span> <span class='ocrx_word' id='word_1_65' title='bbox 526 860 891 907; x_wconf 82' lang='lat' dir='ltr'>emendationes</span> <span class='ocrx_word' id='word_1_66' title='bbox 915 859 1035 907; x_wconf 91' lang='lat' dir='ltr'>tales</span> <span class='ocrx_word' id='word_1_67' title='bbox 1058 859 1138 907; x_wconf 90' lang='lat' dir='ltr'>vel</span> <span class='ocrx_word' id='word_1_68' title='bbox 1155 860 1206 907; x_wconf 91' lang='lat' dir='ltr'>in</span> <span class='ocrx_word' id='word_1_69' title='bbox 1227 859 1598 907; x_wconf 86' lang='lat' dir='ltr'>Commentariis</span> <span class='ocrx_word' id='word_1_70' title='bbox 1618 861 1717 907; x_wconf 91' lang='lat' dir='ltr'>suis</span> 
     </span>
     <span class='ocr_line' id='line_1_11' title="bbox 219 925 1718 991; baseline -0.003 -16"><span class='ocrx_word' id='word_1_71' title='bbox 219 928 575 991; x_wconf 87' lang='lat' dir='ltr'>proponebant,</span> <span class='ocrx_word' id='word_1_72' title='bbox 599 926 677 973; x_wconf 86' lang='lat' dir='ltr'>vel</span> <span class='ocrx_word' id='word_1_73' title='bbox 695 926 744 972; x_wconf 93' lang='lat' dir='ltr'>in</span> <span class='ocrx_word' id='word_1_74' title='bbox 770 925 961 982; x_wconf 90' lang='lat' dir='ltr'>scholis,</span> <span class='ocrx_word' id='word_1_75' title='bbox 989 942 1048 973; x_wconf 90' lang='lat' dir='ltr'>ex</span> <span class='ocrx_word' id='word_1_76' title='bbox 1075 925 1248 989; x_wconf 91' lang='lat' dir='ltr'>quibus</span> <span class='ocrx_word' id='word_1_77' title='bbox 1272 941 1386 972; x_wconf 88' lang='lat' dir='ltr'>mox</span> <span class='ocrx_word' id='word_1_78' title='bbox 1406 925 1464 972; x_wconf 89' lang='lat' dir='ltr'>ab</span> <span class='ocrx_word' id='word_1_79' title='bbox 1488 925 1718 972; x_wconf 88' lang='lat' dir='ltr'>auditori-</span> 
     </span>
     <span class='ocr_line' id='line_1_12' title="bbox 219 990 1717 1055; baseline -0.002 -14"><span class='ocrx_word' id='word_1_80' title='bbox 219 995 310 1041; x_wconf 89' lang='lat' dir='ltr'>bus</span> <span class='ocrx_word' id='word_1_81' title='bbox 336 992 707 1055; x_wconf 84' lang='lat' dir='ltr'>colligebantur.</span> <span class='ocrx_word' id='word_1_82' title='bbox 778 991 957 1038; x_wconf 88' lang='lat' dir='ltr'>Totam</span> <span class='ocrx_word' id='word_1_83' title='bbox 986 998 1149 1039; x_wconf 91' lang='lat' dir='ltr'>autem</span> <span class='ocrx_word' id='word_1_84' title='bbox 1173 1008 1275 1038; x_wconf 91' lang='lat' dir='ltr'>rem</span> <span class='ocrx_word' id='word_1_85' title='bbox 1298 990 1456 1055; x_wconf 92' lang='lat' dir='ltr'>primo</span> <span class='ocrx_word' id='word_1_86' title='bbox 1488 1006 1587 1037; x_wconf 94' lang='lat' dir='ltr'>non</span> <span class='ocrx_word' id='word_1_87' title='bbox 1624 990 1717 1038; x_wconf 85' lang='lat' dir='ltr'>dis-</span> 
     </span>
     <span class='ocr_line' id='line_1_13' title="bbox 220 1055 1716 1124; baseline -0.001 -20"><span class='ocrx_word' id='word_1_88' title='bbox 220 1058 464 1124; x_wconf 88' lang='lat' dir='ltr'>plicuisse,</span> <span class='ocrx_word' id='word_1_89' title='bbox 521 1057 738 1104; x_wconf 89' lang='lat' dir='ltr'>ostendit</span> <span class='ocrx_word' id='word_1_90' title='bbox 792 1065 1086 1104; x_wconf 89' lang='lat' dir='ltr'>memoratus</span> <span class='ocrx_word' id='word_1_91' title='bbox 1130 1056 1294 1120; x_wconf 88' lang='lat' dir='ltr'>paullo</span> <span class='ocrx_word' id='word_1_92' title='bbox 1340 1063 1452 1103; x_wconf 90' lang='lat' dir='ltr'>ante</span> <span class='ocrx_word' id='word_1_93' title='bbox 1497 1055 1716 1103; x_wconf 87' lang='lat' dir='ltr'>literator</span> 
     </span>
     <span class='ocr_line' id='line_1_14' title="bbox 221 1121 1716 1184; baseline -0.001 -13"><span class='ocrx_word' id='word_1_94' title='bbox 221 1122 555 1178; x_wconf 83' lang='lat' dir='ltr'>Atheniensis,</span> <span class='ocrx_word' id='word_1_95' title='bbox 583 1122 665 1184; x_wconf 90' lang='lat' dir='ltr'>qui</span> <span class='ocrx_word' id='word_1_96' title='bbox 691 1121 983 1169; x_wconf 89' lang='lat' dir='ltr'>emendandi</span> <span class='ocrx_word' id='word_1_97' title='bbox 1011 1122 1215 1169; x_wconf 90' lang='lat' dir='ltr'>Homeri</span> <span class='ocrx_word' id='word_1_98' title='bbox 1240 1121 1526 1170; x_wconf 88' lang='lat' dir='ltr'>facultatem</span> <span class='ocrx_word' id='word_1_99' title='bbox 1545 1129 1595 1169; x_wconf 91' lang='lat' dir='ltr'>et</span> <span class='ocrx_word' id='word_1_100' title='bbox 1620 1129 1716 1169; x_wconf 91' lang='lat' dir='ltr'>stu-</span> 
     </span>
     <span class='ocr_line' id='line_1_15' title="bbox 221 1186 1713 1249; baseline -0.001 -13"><span class='ocrx_word' id='word_1_101' title='bbox 221 1189 354 1236; x_wconf 91' lang='lat' dir='ltr'>dium</span> <span class='ocrx_word' id='word_1_102' title='bbox 374 1204 514 1234; x_wconf 87' lang='lat' dir='ltr'>suum</span> <span class='ocrx_word' id='word_1_103' title='bbox 541 1187 789 1234; x_wconf 86' lang='lat' dir='ltr'>Alcibiadi</span> <span class='ocrx_word' id='word_1_104' title='bbox 807 1187 1105 1243; x_wconf 88' lang='lat' dir='ltr'>venditabat,</span> <span class='ocrx_word' id='word_1_105' title='bbox 1124 1187 1336 1242; x_wconf 90' lang='lat' dir='ltr'>minime,</span> <span class='ocrx_word' id='word_1_106' title='bbox 1361 1187 1399 1233; x_wconf 92' lang='lat' dir='ltr'>si</span> <span class='ocrx_word' id='word_1_107' title='bbox 1418 1187 1535 1249; x_wconf 89' lang='lat' dir='ltr'>quid</span> <span class='ocrx_word' id='word_1_108' title='bbox 1551 1186 1713 1244; x_wconf 88' lang='lat' dir='ltr'>video,</span> 
     </span>
     <span class='ocr_line' id='line_1_16' title="bbox 219 1251 1715 1315; baseline -0.001 -14"><span class='ocrx_word' id='word_1_109' title='bbox 219 1254 460 1301; x_wconf 78' lang='lat' dir='ltr'>diversum</span> <span class='ocrx_word' id='word_1_110' title='bbox 486 1253 545 1300; x_wconf 92' lang='lat' dir='ltr'>ab</span> <span class='ocrx_word' id='word_1_111' title='bbox 571 1269 645 1308; x_wconf 90' lang='lat' dir='ltr'>eo,</span> <span class='ocrx_word' id='word_1_112' title='bbox 673 1252 804 1315; x_wconf 91' lang='lat' dir='ltr'>quod</span> <span class='ocrx_word' id='word_1_113' title='bbox 829 1252 908 1300; x_wconf 89' lang='lat' dir='ltr'>hic</span> <span class='ocrx_word' id='word_1_114' title='bbox 929 1252 1261 1300; x_wconf 86' lang='lat' dir='ltr'>describimus.</span> <span class='ocrx_word' id='word_1_115' title='bbox 1330 1252 1446 1299; x_wconf 91' lang='lat' dir='ltr'>Post</span> <span class='ocrx_word' id='word_1_116' title='bbox 1464 1251 1715 1315; x_wconf 91' lang='lat' dir='ltr'>aliquanto</span> 
     </span>
     <span class='ocr_line' id='line_1_17' title="bbox 220 1318 1715 1384; baseline 0 -18"><span class='ocrx_word' id='word_1_117' title='bbox 220 1336 365 1384; x_wconf 90' lang='lat' dir='ltr'>quam</span> <span class='ocrx_word' id='word_1_118' title='bbox 409 1318 648 1366; x_wconf 89' lang='lat' dir='ltr'>Zenodoti</span> <span class='ocrx_word' id='word_1_119' title='bbox 673 1326 724 1365; x_wconf 90' lang='lat' dir='ltr'>et</span> <span class='ocrx_word' id='word_1_120' title='bbox 746 1318 965 1374; x_wconf 86' lang='lat' dir='ltr'>aliorum,</span> <span class='ocrx_word' id='word_1_121' title='bbox 1005 1318 1055 1364; x_wconf 89' lang='lat' dir='ltr'>in</span> <span class='ocrx_word' id='word_1_122' title='bbox 1081 1318 1288 1381; x_wconf 89' lang='lat' dir='ltr'>optimos</span> <span class='ocrx_word' id='word_1_123' title='bbox 1314 1334 1478 1365; x_wconf 91' lang='lat' dir='ltr'>versus</span> <span class='ocrx_word' id='word_1_124' title='bbox 1520 1325 1570 1365; x_wconf 91' lang='lat' dir='ltr'>et</span> <span class='ocrx_word' id='word_1_125' title='bbox 1608 1319 1715 1366; x_wconf 92' lang='lat' dir='ltr'>uni-</span> 
     </span>
     <span class='ocr_line' id='line_1_18' title="bbox 220 1383 1718 1447; baseline -0.001 -15"><span class='ocrx_word' id='word_1_126' title='bbox 220 1402 359 1432; x_wconf 89' lang='lat' dir='ltr'>versa</span> <span class='ocrx_word' id='word_1_127' title='bbox 384 1384 612 1432; x_wconf 87' lang='lat' dir='ltr'>Carmina</span> <span class='ocrx_word' id='word_1_128' title='bbox 634 1383 971 1447; x_wconf 85' lang='lat' dir='ltr'>grassantium,</span> <span class='ocrx_word' id='word_1_129' title='bbox 1014 1383 1266 1431; x_wconf 87' lang='lat' dir='ltr'>libidinem</span> <span class='ocrx_word' id='word_1_130' title='bbox 1303 1383 1506 1430; x_wconf 90' lang='lat' dir='ltr'>nimium</span> <span class='ocrx_word' id='word_1_131' title='bbox 1548 1383 1718 1431; x_wconf 89' lang='lat' dir='ltr'>sensis-</span> 
     </span>
     <span class='ocr_line' id='line_1_19' title="bbox 219 1449 1715 1513; baseline -0.001 -14"><span class='ocrx_word' id='word_1_132' title='bbox 219 1459 329 1499; x_wconf 90' lang='lat' dir='ltr'>sent</span> <span class='ocrx_word' id='word_1_133' title='bbox 351 1458 544 1498; x_wconf 89' lang='lat' dir='ltr'>vetusta</span> <span class='ocrx_word' id='word_1_134' title='bbox 567 1457 900 1505; x_wconf 89' lang='lat' dir='ltr'>monumenta,</span> <span class='ocrx_word' id='word_1_135' title='bbox 931 1466 1005 1496; x_wconf 89' lang='lat' dir='ltr'>ars</span> <span class='ocrx_word' id='word_1_136' title='bbox 1028 1450 1120 1496; x_wconf 90' lang='lat' dir='ltr'>ista</span> <span class='ocrx_word' id='word_1_137' title='bbox 1134 1451 1246 1513; x_wconf 87' lang='lat' dir='ltr'>jure</span> <span class='ocrx_word' id='word_1_138' title='bbox 1272 1449 1422 1512; x_wconf 88' lang='lat' dir='ltr'>coepit</span> <span class='ocrx_word' id='word_1_139' title='bbox 1444 1449 1495 1495; x_wconf 91' lang='lat' dir='ltr'>in</span> <span class='ocrx_word' id='word_1_140' title='bbox 1531 1449 1715 1497; x_wconf 87' lang='lat' dir='ltr'>crimen</span> 
     </span>
     <span class='ocr_line' id='line_1_20' title="bbox 220 1515 1714 1580; baseline -0.001 -16"><span class='ocrx_word' id='word_1_141' title='bbox 220 1524 270 1565; x_wconf 92' lang='lat' dir='ltr'>et</span> <span class='ocrx_word' id='word_1_142' title='bbox 304 1515 731 1580; x_wconf 88' lang='lat' dir='ltr'>reprehensionem</span> <span class='ocrx_word' id='word_1_143' title='bbox 756 1515 1087 1562; x_wconf 90' lang='lat' dir='ltr'>modestorum</span> <span class='ocrx_word' id='word_1_144' title='bbox 1124 1523 1174 1563; x_wconf 94' lang='lat' dir='ltr'>et</span> <span class='ocrx_word' id='word_1_145' title='bbox 1197 1515 1512 1579; x_wconf 87' lang='lat' dir='ltr'>prudentium</span> <span class='ocrx_word' id='word_1_146' title='bbox 1553 1515 1714 1563; x_wconf 89' lang='lat' dir='ltr'>incur-</span> 
     </span>
     <span class='ocr_line' id='line_1_21' title="bbox 219 1580 1718 1644; baseline -0.002 -14"><span class='ocrx_word' id='word_1_147' title='bbox 219 1599 341 1638; x_wconf 88' lang='lat' dir='ltr'>rere,</span> <span class='ocrx_word' id='word_1_148' title='bbox 381 1581 636 1644; x_wconf 90' lang='lat' dir='ltr'>notarique</span> <span class='ocrx_word' id='word_1_149' title='bbox 660 1597 688 1628; x_wconf 93' lang='lat' dir='ltr'>a</span> <span class='ocrx_word' id='word_1_150' title='bbox 710 1580 876 1628; x_wconf 89' lang='lat' dir='ltr'>multis</span> <span class='ocrx_word' id='word_1_151' title='bbox 910 1581 1120 1628; x_wconf 76' lang='lat' dir='ltr'>censoria</span> <span class='ocrx_word' id='word_1_152' title='bbox 1143 1582 1383 1628; x_wconf 80' lang='lat' dir='ltr'>insolentia</span> <span class='ocrx_word' id='word_1_153' title='bbox 1408 1587 1457 1628; x_wconf 90' lang='lat' dir='ltr'>et</span> <span class='ocrx_word' id='word_1_154' title='bbox 1491 1581 1718 1628; x_wconf 76' lang='lat' dir='ltr'>acerbitas</span> 
     </span>
     <span class='ocr_line' id='line_1_22' title="bbox 219 1646 1714 1711; baseline -0.002 -16"><span class='ocrx_word' id='word_1_155' title='bbox 219 1657 268 1695; x_wconf 91' lang='lat' dir='ltr'>et</span> <span class='ocrx_word' id='word_1_156' title='bbox 291 1647 470 1711; x_wconf 83' lang='lat' dir='ltr'>frigida</span> <span class='ocrx_word' id='word_1_157' title='bbox 503 1663 619 1694; x_wconf 90' lang='lat' dir='ltr'>cura</span> <span class='ocrx_word' id='word_1_158' title='bbox 642 1663 804 1694; x_wconf 90' lang='lat' dir='ltr'>rerum</span> <span class='ocrx_word' id='word_1_159' title='bbox 843 1646 1275 1694; x_wconf 87' lang='lat' dir='ltr'>minutissimarum</span> <span class='ocrx_word' id='word_1_160' title='bbox 1295 1650 1326 1703; x_wconf 83' lang='lat'>²,</span> <span class='ocrx_word' id='word_1_161' title='bbox 1353 1646 1439 1693; x_wconf 92' lang='lat' dir='ltr'>sed</span> <span class='ocrx_word' id='word_1_162' title='bbox 1476 1662 1714 1709; x_wconf 90' lang='lat' dir='ltr'>nusquam</span> 
     </span>
     <span class='ocr_line' id='line_1_23' title="bbox 217 1710 1715 1776; baseline -0.001 -15"><span class='ocrx_word' id='word_1_163' title='bbox 217 1714 312 1761; x_wconf 89' lang='lat' dir='ltr'>hoc</span> <span class='ocrx_word' id='word_1_164' title='bbox 336 1729 492 1776; x_wconf 86' lang='lat' dir='ltr'>genus</span> <span class='ocrx_word' id='word_1_165' title='bbox 517 1713 713 1759; x_wconf 72' lang='lat' dir='ltr'>levitatis</span> <span class='ocrx_word' id='word_1_166' title='bbox 731 1720 782 1760; x_wconf 91' lang='lat' dir='ltr'>et</span> <span class='ocrx_word' id='word_1_167' title='bbox 799 1712 1021 1768; x_wconf 80' lang='lat' dir='ltr'>audacioe,</span> <span class='ocrx_word' id='word_1_168' title='bbox 1043 1712 1175 1775; x_wconf 91' lang='lat' dir='ltr'>quod</span> <span class='ocrx_word' id='word_1_169' title='bbox 1192 1712 1336 1760; x_wconf 88' lang='lat' dir='ltr'>hodie</span> <span class='ocrx_word' id='word_1_170' title='bbox 1357 1711 1550 1760; x_wconf 90' lang='lat' dir='ltr'>Criticis</span> <span class='ocrx_word' id='word_1_171' title='bbox 1569 1710 1715 1775; x_wconf 85' lang='lat' dir='ltr'>objici</span> 
     </span>
     <span class='ocr_line' id='line_1_24' title="bbox 220 1777 1716 1841; baseline -0.001 -15"><span class='ocrx_word' id='word_1_172' title='bbox 220 1779 365 1826; x_wconf 89' lang='lat' dir='ltr'>solet.</span> <span class='ocrx_word' id='word_1_173' title='bbox 434 1779 610 1841; x_wconf 91' lang='lat' dir='ltr'>Neque</span> <span class='ocrx_word' id='word_1_174' title='bbox 642 1785 806 1826; x_wconf 90' lang='lat' dir='ltr'>tamen</span> <span class='ocrx_word' id='word_1_175' title='bbox 844 1777 971 1825; x_wconf 88' lang='lat' dir='ltr'>ullus</span> <span class='ocrx_word' id='word_1_176' title='bbox 1008 1778 1199 1826; x_wconf 89' lang='lat' dir='ltr'>illorum</span> <span class='ocrx_word' id='word_1_177' title='bbox 1233 1778 1543 1833; x_wconf 88' lang='lat' dir='ltr'>Criticorum,</span> <span class='ocrx_word' id='word_1_178' title='bbox 1583 1777 1716 1841; x_wconf 90' lang='lat' dir='ltr'>quod</span> 
     </span>
     <span class='ocr_line' id='line_1_25' title="bbox 220 1843 1718 1909; baseline -0.001 -17"><span class='ocrx_word' id='word_1_179' title='bbox 220 1845 418 1909; x_wconf 91' lang='lat' dir='ltr'>quidem</span> <span class='ocrx_word' id='word_1_180' title='bbox 445 1851 655 1901; x_wconf 91' lang='lat' dir='ltr'>constet,</span> <span class='ocrx_word' id='word_1_181' title='bbox 683 1859 895 1907; x_wconf 86' lang='lat' dir='ltr'>unquam</span> <span class='ocrx_word' id='word_1_182' title='bbox 924 1843 993 1890; x_wconf 88' lang='lat' dir='ltr'>ita</span> <span class='ocrx_word' id='word_1_183' title='bbox 1015 1853 1232 1891; x_wconf 88' lang='lat' dir='ltr'>versatus</span> <span class='ocrx_word' id='word_1_184' title='bbox 1271 1852 1343 1891; x_wconf 89' lang='lat' dir='ltr'>est</span> <span class='ocrx_word' id='word_1_185' title='bbox 1365 1843 1415 1889; x_wconf 90' lang='lat' dir='ltr'>in</span> <span class='ocrx_word' id='word_1_186' title='bbox 1440 1850 1583 1890; x_wconf 87' lang='lat' dir='ltr'>textu</span> <span class='ocrx_word' id='word_1_187' title='bbox 1622 1850 1718 1890; x_wconf 88' lang='lat' dir='ltr'>tra-</span> 
     </span>
     <span class='ocr_line' id='line_1_26' title="bbox 220 1907 1715 1975; baseline -0.001 -17"><span class='ocrx_word' id='word_1_188' title='bbox 220 1911 444 1975; x_wconf 87' lang='lat' dir='ltr'>gicorum</span> <span class='ocrx_word' id='word_1_189' title='bbox 481 1918 565 1956; x_wconf 92' lang='lat' dir='ltr'>aut</span> <span class='ocrx_word' id='word_1_190' title='bbox 589 1909 790 1956; x_wconf 89' lang='lat' dir='ltr'>aliorum</span> <span class='ocrx_word' id='word_1_191' title='bbox 827 1909 1155 1956; x_wconf 87' lang='lat' dir='ltr'>recentiorum</span> <span class='ocrx_word' id='word_1_192' title='bbox 1195 1913 1472 1973; x_wconf 74' lang='lat' dir='ltr'>poetarum:</span> <span class='ocrx_word' id='word_1_193' title='bbox 1511 1907 1599 1956; x_wconf 90' lang='lat' dir='ltr'>soli</span> <span class='ocrx_word' id='word_1_194' title='bbox 1634 1925 1715 1956; x_wconf 86' lang='lat' dir='ltr'>ve-</span> 
     </span>
     <span class='ocr_line' id='line_1_27' title="bbox 221 1974 1712 2039; baseline -0.001 -16"><span class='ocrx_word' id='word_1_195' title='bbox 221 1976 450 2023; x_wconf 86' lang='lat' dir='ltr'>tustiores</span> <span class='ocrx_word' id='word_1_196' title='bbox 475 1974 601 2022; x_wconf 77' lang='grc' dir='ltr'><em>ἀοιδοὶ</em></span> <span class='ocrx_word' id='word_1_197' title='bbox 640 1977 933 2039; x_wconf 91' lang='lat' dir='ltr'>petebantur</span> <span class='ocrx_word' id='word_1_198' title='bbox 969 1976 1101 2022; x_wconf 91' lang='lat' dir='ltr'>omni</span> <span class='ocrx_word' id='word_1_199' title='bbox 1136 1975 1335 2022; x_wconf 88' lang='lat' dir='ltr'>licentia</span> <span class='ocrx_word' id='word_1_200' title='bbox 1371 1974 1712 2033; x_wconf 85' lang='lat' dir='ltr'>mutationum,</span> 
     </span>
     <span class='ocr_line' id='line_1_28' title="bbox 220 2040 1713 2104; baseline -0.001 -15"><span class='ocrx_word' id='word_1_201' title='bbox 220 2041 596 2097; x_wconf 88' lang='lat' dir='ltr'>correctionum,</span> <span class='ocrx_word' id='word_1_202' title='bbox 643 2040 1091 2104; x_wconf 89' lang='lat' dir='ltr'>interpolationum,</span> <span class='ocrx_word' id='word_1_203' title='bbox 1138 2041 1389 2088; x_wconf 84' lang='lat' dir='ltr'>liturarum</span> <span class='ocrx_word' id='word_1_204' title='bbox 1414 2046 1458 2099; x_wconf 78' lang='lat'>¹³3</span> <span class='ocrx_word' id='word_1_205' title='bbox 1508 2056 1569 2088; x_wconf 85' lang='lat' dir='ltr'>ex</span> <span class='ocrx_word' id='word_1_206' title='bbox 1614 2055 1713 2103; x_wconf 92' lang='lat' dir='ltr'>quo</span> 
     </span>
     <span class='ocr_line' id='line_1_29' title="bbox 219 2106 1714 2172; baseline -0.001 -18"><span class='ocrx_word' id='word_1_207' title='bbox 219 2107 364 2172; x_wconf 84' lang='lat' dir='ltr'>plane</span> <span class='ocrx_word' id='word_1_208' title='bbox 389 2115 604 2170; x_wconf 88' lang='lat' dir='ltr'>apparet,</span> <span class='ocrx_word' id='word_1_209' title='bbox 631 2123 736 2153; x_wconf 84' lang='lat' dir='ltr'>eam</span> <span class='ocrx_word' id='word_1_210' title='bbox 758 2106 1006 2155; x_wconf 82' lang='lat' dir='ltr'>licentiam</span> <span class='ocrx_word' id='word_1_211' title='bbox 1030 2114 1135 2154; x_wconf 92' lang='lat' dir='ltr'>tum</span> <span class='ocrx_word' id='word_1_212' title='bbox 1158 2107 1390 2170; x_wconf 84' lang='lat' dir='ltr'>temporis</span> <span class='ocrx_word' id='word_1_213' title='bbox 1414 2122 1512 2154; x_wconf 91' lang='lat' dir='ltr'>non</span> <span class='ocrx_word' id='word_1_214' title='bbox 1537 2122 1714 2153; x_wconf 89' lang='lat' dir='ltr'>novam</span> 
     </span>
     <span class='ocr_line' id='line_1_30' title="bbox 222 2171 1715 2236; baseline -0.001 -16"><span class='ocrx_word' id='word_1_215' title='bbox 222 2172 386 2229; x_wconf 88' lang='lat' dir='ltr'>fuisse,</span> <span class='ocrx_word' id='word_1_216' title='bbox 423 2181 568 2236; x_wconf 89' lang='lat' dir='ltr'>atque</span> <span class='ocrx_word' id='word_1_217' title='bbox 593 2172 716 2219; x_wconf 91' lang='lat' dir='ltr'>adeo</span> <span class='ocrx_word' id='word_1_218' title='bbox 741 2189 802 2220; x_wconf 84' lang='lat' dir='ltr'>ex</span> <span class='ocrx_word' id='word_1_219' title='bbox 831 2179 950 2219; x_wconf 91' lang='lat' dir='ltr'>nota</span> <span class='ocrx_word' id='word_1_220' title='bbox 972 2171 1168 2219; x_wconf 85' lang='lat' dir='ltr'>fortuna</span> <span class='ocrx_word' id='word_1_221' title='bbox 1201 2173 1339 2219; x_wconf 76' lang='grc' dir='ltr'><em>ἀοιδῶν</em></span> <span class='ocrx_word' id='word_1_222' title='bbox 1374 2172 1715 2221; x_wconf 88' lang='lat' dir='ltr'>auctoritatem</span> 
     </span>
     <span class='ocr_line' id='line_1_31' title="bbox 225 2238 1245 2302; baseline -0.001 -16"><span class='ocrx_word' id='word_1_223' title='bbox 225 2239 466 2302; x_wconf 86' lang='lat' dir='ltr'>quandam</span> <span class='ocrx_word' id='word_1_224' title='bbox 495 2247 544 2285; x_wconf 90' lang='lat' dir='ltr'>et</span> <span class='ocrx_word' id='word_1_225' title='bbox 569 2238 781 2302; x_wconf 88' lang='lat' dir='ltr'>speciem</span> <span class='ocrx_word' id='word_1_226' title='bbox 805 2238 1004 2286; x_wconf 86' lang='lat' dir='ltr'>rationis</span> <span class='ocrx_word' id='word_1_227' title='bbox 1027 2239 1245 2286; x_wconf 85' lang='lat' dir='ltr'>traxisse.</span> 
     </span>
    </p>
   </div>
   <div class='ocr_carea' id='block_1_3' title="bbox 222 2367 1717 2840">
    <p class='ocr_par' dir='ltr' id='par_1_3' title="bbox 222 2367 1717 2669">
     <span class='ocr_line' id='line_1_32' title="bbox 264 2367 1717 2409; baseline -0.001 -9"><span class='ocrx_word' id='word_1_228' title='bbox 264 2380 283 2400; x_wconf 84' lang='lat' dir='ltr'>a</span> <span class='ocrx_word' id='word_1_229' title='bbox 305 2369 388 2399; x_wconf 84' lang='lat' dir='ltr'>Vide</span> <span class='ocrx_word' id='word_1_230' title='bbox 406 2369 555 2399; x_wconf 84' lang='lat' dir='ltr'>Herodici</span> <span class='ocrx_word' id='word_1_231' title='bbox 573 2368 747 2409; x_wconf 79' lang='lat' dir='ltr'>Babylonii,</span> <span class='ocrx_word' id='word_1_232' title='bbox 773 2374 803 2399; x_wconf 90' lang='lat' dir='ltr'>et</span> <span class='ocrx_word' id='word_1_233' title='bbox 824 2369 1005 2409; x_wconf 83' lang='lat' dir='ltr'>supparium</span> <span class='ocrx_word' id='word_1_234' title='bbox 1023 2370 1157 2400; x_wconf 83' lang='lat' dir='ltr'>Horatio</span> <span class='ocrx_word' id='word_1_235' title='bbox 1176 2370 1346 2407; x_wconf 61' lang='lat' dir='ltr'>poetarum,</span> <span class='ocrx_word' id='word_1_236' title='bbox 1376 2368 1567 2406; x_wconf 77' lang='lat' dir='ltr'>Antiphanis</span> <span class='ocrx_word' id='word_1_237' title='bbox 1592 2367 1717 2399; x_wconf 88' lang='lat' dir='ltr'>Maced.</span> 
     </span>
     <span class='ocr_line' id='line_1_33' title="bbox 222 2411 1714 2452; baseline -0.001 -9"><span class='ocrx_word' id='word_1_238' title='bbox 222 2412 423 2452; x_wconf 80' lang='lat' dir='ltr'>Philippique</span> <span class='ocrx_word' id='word_1_239' title='bbox 449 2412 629 2441; x_wconf 83' lang='lat' dir='ltr'>Thessalon.</span> <span class='ocrx_word' id='word_1_240' title='bbox 654 2412 850 2451; x_wconf 74' lang='lat' dir='ltr'>Epigramm.</span> <span class='ocrx_word' id='word_1_241' title='bbox 875 2413 908 2442; x_wconf 90' lang='lat' dir='ltr'>in</span> <span class='ocrx_word' id='word_1_242' title='bbox 936 2413 1075 2442; x_wconf 86' lang='lat' dir='ltr'>Brunck.</span> <span class='ocrx_word' id='word_1_243' title='bbox 1105 2413 1198 2442; x_wconf 73' lang='lat' dir='ltr'>Anal.</span> <span class='ocrx_word' id='word_1_244' title='bbox 1227 2412 1275 2442; x_wconf 87' lang='lat' dir='ltr'>II.</span> <span class='ocrx_word' id='word_1_245' title='bbox 1302 2423 1331 2451; x_wconf 89' lang='lat' dir='ltr'>p.</span> <span class='ocrx_word' id='word_1_246' title='bbox 1356 2415 1405 2442; x_wconf 84' lang='lat'>65.</span> <span class='ocrx_word' id='word_1_247' title='bbox 1431 2415 1501 2442; x_wconf 78' lang='lat'>205.</span> <span class='ocrx_word' id='word_1_248' title='bbox 1527 2411 1567 2440; x_wconf 93' lang='lat' dir='ltr'>V.</span> <span class='ocrx_word' id='word_1_249' title='bbox 1595 2421 1624 2450; x_wconf 89' lang='lat' dir='ltr'>p.</span> <span class='ocrx_word' id='word_1_250' title='bbox 1642 2415 1714 2441; x_wconf 74' lang='lat'><strong>295.</strong></span> 
     </span>
     <span class='ocr_line' id='line_1_34' title="bbox 225 2453 1714 2496; baseline 0 -11"><span class='ocrx_word' id='word_1_251' title='bbox 225 2455 361 2485; x_wconf 82' lang='lat' dir='ltr'>XLIII.</span> <span class='ocrx_word' id='word_1_252' title='bbox 389 2455 511 2485; x_wconf 77' lang='lat' dir='ltr'>XLIV.</span> <span class='ocrx_word' id='word_1_253' title='bbox 537 2455 682 2496; x_wconf 83' lang='lat' dir='ltr'>(Anthol.</span> <span class='ocrx_word' id='word_1_254' title='bbox 700 2455 834 2485; x_wconf 87' lang='lat' dir='ltr'>Planud.</span> <span class='ocrx_word' id='word_1_255' title='bbox 853 2456 900 2486; x_wconf 89' lang='grc' dir='ltr'>ΙΙ.</span> <span class='ocrx_word' id='word_1_256' title='bbox 930 2456 993 2495; x_wconf 91' lang='grc'>10.)</span> <span class='ocrx_word' id='word_1_257' title='bbox 1019 2456 1070 2485; x_wconf 89' lang='lat' dir='ltr'>ubi</span> <span class='ocrx_word' id='word_1_258' title='bbox 1094 2456 1234 2485; x_wconf 80' lang='lat' dir='ltr'>ridentur</span> <span class='ocrx_word' id='word_1_259' title='bbox 1258 2456 1460 2496; x_wconf 70' lang='grc' dir='ltr'>Γραμματικοὶ</span> <span class='ocrx_word' id='word_1_260' title='bbox 1487 2453 1593 2491; x_wconf 69' lang='grc' dir='ltr'><em>Μώμου</em></span> <span class='ocrx_word' id='word_1_261' title='bbox 1616 2454 1714 2489; x_wconf 66' lang='grc' dir='ltr'>τέκνα,</span> 
     </span>
     <span class='ocr_line' id='line_1_35' title="bbox 224 2497 1716 2542; baseline -0.004 -13"><span class='ocrx_word' id='word_1_262' title='bbox 224 2497 373 2531; x_wconf 72' lang='grc' dir='ltr'>Ζηνοδὸταυ</span> <span class='ocrx_word' id='word_1_263' title='bbox 390 2498 545 2532; x_wconf 71' lang='grc' dir='ltr'><strong><em>σκύλακες,</em></strong></span> <span class='ocrx_word' id='word_1_264' title='bbox 569 2499 593 2528; x_wconf 79' lang='lat' dir='ltr'>oi</span> <span class='ocrx_word' id='word_1_265' title='bbox 608 2499 676 2539; x_wconf 63' lang='lat' dir='ltr'>weg)</span> <span class='ocrx_word' id='word_1_266' title='bbox 694 2498 903 2538; x_wconf 75' lang='grc' dir='ltr'>Καλλίμαχον,</span> <span class='ocrx_word' id='word_1_267' title='bbox 927 2499 953 2529; x_wconf 80' lang='lat' dir='ltr'>o&#39;l</span> <span class='ocrx_word' id='word_1_268' title='bbox 974 2498 1002 2528; x_wconf 67' lang='grc' dir='ltr'>’τ’</span> <span class='ocrx_word' id='word_1_269' title='bbox 1017 2501 1069 2529; x_wconf 69' lang='grc' dir='ltr'>ἀπ’</span> <span class='ocrx_word' id='word_1_270' title='bbox 1084 2500 1279 2542; x_wconf 62' lang='grc' dir='ltr'>Ἀρισφηίρχου</span> <span class='ocrx_word' id='word_1_271' title='bbox 1294 2499 1376 2530; x_wconf 61' lang='lat' dir='ltr'>triv-53</span> <span class='ocrx_word' id='word_1_272' title='bbox 1393 2497 1599 2536; x_wconf 66' lang='grc' dir='ltr'>ἀκανθολόγοι,</span> <span class='ocrx_word' id='word_1_273' title='bbox 1620 2498 1716 2540; x_wconf 62' lang='lat' dir='ltr'>&#39;Agm-</span> 
     </span>
     <span class='ocr_line' id='line_1_36' title="bbox 224 2539 1717 2583; baseline -0.001 -13"><span class='ocrx_word' id='word_1_274' title='bbox 224 2542 353 2583; x_wconf 66' lang='grc' dir='ltr'>τοίρχεισι</span> <span class='ocrx_word' id='word_1_275' title='bbox 379 2542 613 2579; x_wconf 70' lang='grc' dir='ltr'>γωνιοβόμβυκες,</span> <span class='ocrx_word' id='word_1_276' title='bbox 645 2542 863 2579; x_wconf 70' lang='grc' dir='ltr'><strong><em>μονοσύλλαβοι,</em></strong></span> <span class='ocrx_word' id='word_1_277' title='bbox 887 2542 937 2572; x_wconf 72' lang='grc' dir='ltr'>οἷσι</span> <span class='ocrx_word' id='word_1_278' title='bbox 961 2543 1075 2581; x_wconf 75' lang='grc' dir='ltr'>μὲμῆλε</span> <span class='ocrx_word' id='word_1_279' title='bbox 1102 2544 1135 2572; x_wconf 74' lang='grc' dir='ltr'>τὸ</span> <span class='ocrx_word' id='word_1_280' title='bbox 1163 2547 1269 2576; x_wconf 83' lang='grc' dir='ltr'>ΣΦΙΝ,</span> <span class='ocrx_word' id='word_1_281' title='bbox 1294 2542 1327 2570; x_wconf 62' lang='grc' dir='ltr'>’νδ</span> <span class='ocrx_word' id='word_1_282' title='bbox 1350 2545 1487 2571; x_wconf 64' lang='lat' dir='ltr'>zoom</span> <span class='ocrx_word' id='word_1_283' title='bbox 1510 2542 1562 2570; x_wconf 72' lang='grc' dir='ltr'>καὶ</span> <span class='ocrx_word' id='word_1_284' title='bbox 1589 2539 1622 2569; x_wconf 61' lang='grc' dir='ltr'>»νδ</span> <span class='ocrx_word' id='word_1_285' title='bbox 1648 2546 1717 2570; x_wconf 85' lang='lat' dir='ltr'>MIN</span> 
     </span>
     <span class='ocr_line' id='line_1_37' title="bbox 226 2582 1716 2624; baseline 0 -10"><span class='ocrx_word' id='word_1_286' title='bbox 226 2584 269 2615; x_wconf 71' lang='grc' dir='ltr'>ἠδὲ</span> <span class='ocrx_word' id='word_1_287' title='bbox 287 2584 320 2614; x_wconf 68' lang='grc' dir='ltr'>τὸ</span> <span class='ocrx_word' id='word_1_288' title='bbox 336 2589 401 2614; x_wconf 82' lang='grc' dir='ltr'>ΝΙΝ</span> <span class='ocrx_word' id='word_1_289' title='bbox 423 2589 480 2613; x_wconf 86' lang='lat' dir='ltr'>etc.</span> <span class='ocrx_word' id='word_1_290' title='bbox 525 2583 674 2613; x_wconf 85' lang='lat' dir='ltr'>Similiter</span> <span class='ocrx_word' id='word_1_291' title='bbox 689 2583 740 2613; x_wconf 85' lang='lat' dir='ltr'>alii</span> <span class='ocrx_word' id='word_1_292' title='bbox 757 2590 833 2622; x_wconf 83' lang='lat' dir='ltr'>post,</span> <span class='ocrx_word' id='word_1_293' title='bbox 857 2590 1005 2624; x_wconf 82' lang='lat' dir='ltr'>tanquam</span> <span class='ocrx_word' id='word_1_294' title='bbox 1024 2585 1189 2619; x_wconf 87' lang='lat' dir='ltr'>Lucianus,</span> <span class='ocrx_word' id='word_1_295' title='bbox 1214 2590 1326 2614; x_wconf 82' lang='lat' dir='ltr'>notans</span> <span class='ocrx_word' id='word_1_296' title='bbox 1346 2584 1401 2613; x_wconf 70' lang='grc' dir='ltr'>τῶν</span> <span class='ocrx_word' id='word_1_297' title='bbox 1427 2583 1504 2621; x_wconf 73' lang='grc' dir='ltr'>ἀμφὶ</span> <span class='ocrx_word' id='word_1_298' title='bbox 1530 2583 1577 2612; x_wconf 65' lang='grc' dir='ltr'>τᾶν</span> <span class='ocrx_word' id='word_1_299' title='bbox 1604 2582 1716 2615; x_wconf 67' lang='grc' dir='ltr'><strong><em>Ζηνόδο-</em></strong></span> 
     </span>
     <span class='ocr_line' id='line_1_38' title="bbox 225 2624 1590 2669; baseline -0.002 -12"><span class='ocrx_word' id='word_1_300' title='bbox 225 2640 272 2657; x_wconf 60' lang='grc' dir='ltr'>τον</span> <span class='ocrx_word' id='word_1_301' title='bbox 288 2627 337 2656; x_wconf 72' lang='grc' dir='ltr'>καὶ</span> <span class='ocrx_word' id='word_1_302' title='bbox 351 2626 544 2668; x_wconf 64' lang='grc' dir='ltr'>Ἀρίσταρχον</span> <span class='ocrx_word' id='word_1_303' title='bbox 560 2628 774 2669; x_wconf 63' lang='grc' dir='ltr'>’γραμματικῶν</span> <span class='ocrx_word' id='word_1_304' title='bbox 790 2629 903 2661; x_wconf 59' lang='grc' dir='ltr'><strong>πολλὴν</strong></span> <span class='ocrx_word' id='word_1_305' title='bbox 920 2628 969 2659; x_wconf 63' lang='grc' dir='ltr'>τὴν</span> <span class='ocrx_word' id='word_1_306' title='bbox 985 2629 1195 2668; x_wconf 57' lang='grc' dir='ltr'>ψυχρολογίαν</span> <span class='ocrx_word' id='word_1_307' title='bbox 1211 2627 1286 2657; x_wconf 81' lang='lat' dir='ltr'>Ver.</span> <span class='ocrx_word' id='word_1_308' title='bbox 1306 2626 1390 2656; x_wconf 84' lang='lat' dir='ltr'>Hist.</span> <span class='ocrx_word' id='word_1_309' title='bbox 1408 2624 1456 2655; x_wconf 87' lang='grc' dir='ltr'>ῙῙ.</span> <span class='ocrx_word' id='word_1_310' title='bbox 1474 2635 1502 2663; x_wconf 83' lang='lat' dir='ltr'>p.</span> <span class='ocrx_word' id='word_1_311' title='bbox 1521 2628 1590 2655; x_wconf 84' lang='lat'>117.</span> 
     </span>
    </p>

    <p class='ocr_par' dir='ltr' id='par_1_4' title="bbox 222 2668 1716 2840">
     <span class='ocr_line' id='line_1_39' title="bbox 265 2668 1714 2708; baseline 0.001 -10"><span class='ocrx_word' id='word_1_312' title='bbox 265 2679 284 2699; x_wconf 82' lang='lat' dir='ltr'>a</span> <span class='ocrx_word' id='word_1_313' title='bbox 309 2669 380 2698; x_wconf 90' lang='lat' dir='ltr'>Non</span> <span class='ocrx_word' id='word_1_314' title='bbox 397 2679 479 2698; x_wconf 84' lang='lat' dir='ltr'>unus</span> <span class='ocrx_word' id='word_1_315' title='bbox 499 2669 671 2698; x_wconf 85' lang='lat' dir='ltr'>Homerus:</span> <span class='ocrx_word' id='word_1_316' title='bbox 699 2669 753 2698; x_wconf 80' lang='lat' dir='ltr'>etsi</span> <span class='ocrx_word' id='word_1_317' title='bbox 771 2679 835 2699; x_wconf 83' lang='lat' dir='ltr'>rem</span> <span class='ocrx_word' id='word_1_318' title='bbox 852 2669 935 2708; x_wconf 82' lang='lat' dir='ltr'>apud</span> <span class='ocrx_word' id='word_1_319' title='bbox 952 2671 1036 2700; x_wconf 88' lang='lat' dir='ltr'>hunc</span> <span class='ocrx_word' id='word_1_320' title='bbox 1052 2671 1189 2700; x_wconf 83' lang='lat' dir='ltr'>maxime</span> <span class='ocrx_word' id='word_1_321' title='bbox 1204 2669 1323 2699; x_wconf 86' lang='lat' dir='ltr'>idoneis</span> <span class='ocrx_word' id='word_1_322' title='bbox 1349 2674 1380 2698; x_wconf 87' lang='lat' dir='ltr'>et</span> <span class='ocrx_word' id='word_1_323' title='bbox 1405 2669 1496 2698; x_wconf 79' lang='lat' dir='ltr'>certis</span> <span class='ocrx_word' id='word_1_324' title='bbox 1520 2668 1644 2698; x_wconf 86' lang='lat' dir='ltr'>indiciis</span> <span class='ocrx_word' id='word_1_325' title='bbox 1667 2675 1714 2699; x_wconf 85' lang='lat' dir='ltr'>tc-</span> 
     </span>
     <span class='ocr_line' id='line_1_40' title="bbox 222 2710 1716 2752; baseline -0.001 -10"><span class='ocrx_word' id='word_1_326' title='bbox 222 2722 347 2743; x_wconf 72' lang='lat' dir='ltr'>·nemuS.</span> <span class='ocrx_word' id='word_1_327' title='bbox 391 2712 509 2741; x_wconf 84' lang='lat' dir='ltr'>Verum</span> <span class='ocrx_word' id='word_1_328' title='bbox 526 2712 577 2752; x_wconf 87' lang='lat' dir='ltr'>qui</span> <span class='ocrx_word' id='word_1_329' title='bbox 593 2711 633 2742; x_wconf 87' lang='lat' dir='ltr'>de</span> <span class='ocrx_word' id='word_1_330' title='bbox 650 2712 791 2742; x_wconf 80' lang='lat' dir='ltr'>Hesiodo</span> <span class='ocrx_word' id='word_1_331' title='bbox 805 2713 934 2748; x_wconf 74' lang='lat' dir='ltr'>dubitet,</span> <span class='ocrx_word' id='word_1_332' title='bbox 960 2723 1016 2743; x_wconf 89' lang='lat' dir='ltr'>nec</span> <span class='ocrx_word' id='word_1_333' title='bbox 1039 2713 1176 2752; x_wconf 82' lang='lat' dir='ltr'>ipsarum</span> <span class='ocrx_word' id='word_1_334' title='bbox 1204 2712 1272 2751; x_wconf 84' lang='lat' dir='ltr'>ejus</span> <span class='ocrx_word' id='word_1_335' title='bbox 1296 2710 1496 2751; x_wconf 81' lang='lat' dir='ltr'>reliquiarum</span> <span class='ocrx_word' id='word_1_336' title='bbox 1522 2711 1623 2749; x_wconf 83' lang='lat' dir='ltr'>specie</span> <span class='ocrx_word' id='word_1_337' title='bbox 1647 2721 1716 2741; x_wconf 88' lang='lat' dir='ltr'>mo-</span> 
     </span>
     <span class='ocr_line' id='line_1_41' title="bbox 224 2754 1714 2797; baseline -0.001 -12"><span class='ocrx_word' id='word_1_338' title='bbox 224 2761 342 2788; x_wconf 80' lang='lat' dir='ltr'>veatur,</span> <span class='ocrx_word' id='word_1_339' title='bbox 360 2754 535 2784; x_wconf 80' lang='lat' dir='ltr'>meminerit</span> <span class='ocrx_word' id='word_1_340' title='bbox 553 2755 646 2784; x_wconf 87' lang='lat' dir='ltr'>modo</span> <span class='ocrx_word' id='word_1_341' title='bbox 662 2755 719 2784; x_wconf 89' lang='lat' dir='ltr'>loci</span> <span class='ocrx_word' id='word_1_342' title='bbox 737 2755 820 2785; x_wconf 85' lang='lat' dir='ltr'>illius</span> <span class='ocrx_word' id='word_1_343' title='bbox 835 2757 866 2785; x_wconf 91' lang='lat' dir='ltr'>in</span> <span class='ocrx_word' id='word_1_344' title='bbox 891 2756 1083 2797; x_wconf 77' lang='lat' dir='ltr'>Theogonia,</span> <span class='ocrx_word' id='word_1_345' title='bbox 1110 2760 1147 2786; x_wconf 88' lang='lat'>18</span> <span class='ocrx_word' id='word_1_346' title='bbox 1175 2756 1310 2785; x_wconf 84' lang='lat' dir='ltr'>versibus</span> <span class='ocrx_word' id='word_1_347' title='bbox 1327 2754 1409 2784; x_wconf 82' lang='lat' dir='ltr'>aucti</span> <span class='ocrx_word' id='word_1_348' title='bbox 1437 2764 1473 2784; x_wconf 85' lang='lat' dir='ltr'>ex</span> <span class='ocrx_word' id='word_1_349' title='bbox 1500 2754 1579 2785; x_wconf 86' lang='lat' dir='ltr'>libro</span> <span class='ocrx_word' id='word_1_350' title='bbox 1604 2755 1714 2785; x_wconf 81' lang='lat' dir='ltr'>veteris</span> 
     </span>
     <span class='ocr_line' id='line_1_42' title="bbox 226 2797 1533 2840; baseline -0.002 -11"><span class='ocrx_word' id='word_1_351' title='bbox 226 2797 392 2838; x_wconf 85' lang='lat' dir='ltr'>Chrysippi</span> <span class='ocrx_word' id='word_1_352' title='bbox 409 2797 493 2837; x_wconf 85' lang='lat' dir='ltr'>apud</span> <span class='ocrx_word' id='word_1_353' title='bbox 511 2797 621 2828; x_wconf 83' lang='lat' dir='ltr'>Galen.</span> <span class='ocrx_word' id='word_1_354' title='bbox 637 2797 675 2828; x_wconf 87' lang='lat' dir='ltr'>de</span> <span class='ocrx_word' id='word_1_355' title='bbox 691 2797 841 2837; x_wconf 86' lang='lat' dir='ltr'>Hippocr.</span> <span class='ocrx_word' id='word_1_356' title='bbox 859 2805 889 2829; x_wconf 89' lang='lat' dir='ltr'>et</span> <span class='ocrx_word' id='word_1_357' title='bbox 905 2799 984 2830; x_wconf 80' lang='lat' dir='ltr'>Plat.</span> <span class='ocrx_word' id='word_1_358' title='bbox 1003 2800 1120 2840; x_wconf 88' lang='lat' dir='ltr'>Dogm.</span> <span class='ocrx_word' id='word_1_359' title='bbox 1139 2799 1209 2830; x_wconf 91' lang='lat'>111.</span> <span class='ocrx_word' id='word_1_360' title='bbox 1225 2805 1301 2829; x_wconf 82' lang='lat' dir='ltr'>extr.</span> <span class='ocrx_word' id='word_1_361' title='bbox 1318 2797 1355 2828; x_wconf 84' lang='lat' dir='ltr'>T.</span> <span class='ocrx_word' id='word_1_362' title='bbox 1376 2797 1401 2828; x_wconf 80' lang='grc' dir='ltr'>Ι.</span> <span class='ocrx_word' id='word_1_363' title='bbox 1417 2807 1445 2836; x_wconf 90' lang='lat' dir='ltr'>p.</span> <span class='ocrx_word' id='word_1_364' title='bbox 1461 2800 1533 2828; x_wconf 79' lang='lat'>275.</span> 
     </span>
    </p>
   </div>
  </div>
 </body>
</html>
