1856 3235
871 190 939 237 vii

155 341 276 384 siensi
295 340 431 389 habet,
463 338 666 394 servitque
686 336 828 379 saltem
848 334 1091 377 illustrando
1111 342 1152 376 et
1171 334 1379 376 firmando
1396 335 1490 378 loco
1502 336 1649 388 swelce,

155 422 200 463 in
219 421 260 463 h.
281 435 319 461 v,
339 420 439 460 item
459 434 496 460 ν.
520 423 616 460 318.
645 423 756 465 κληῗς’
772 428 828 477 ⁰⁵⁶3·
847 431 944 459 cum
962 416 1099 474 glossa
1116 424 1251 463 κλεισὶν,
1274 424 1349 457 etc.

212 501 398 544 Omnino
417 500 539 556 hujus
569 500 736 541 Codicis
769 499 981 554 Excerpta
1015 497 1290 554 suspicionem
1324 496 1492 546 faciunt,
1525 497 1655 539 multa

153 582 290 625 adhuc
318 582 444 624 latere
473 582 518 623 in
549 582 662 623 libris
681 580 986 638 manuscriptis,
1018 596 1112 637 quae
1131 579 1327 636 prodesse
1353 580 1527 620 Homeri
1551 579 1653 621 Car-

154 664 335 706 minibus
364 664 532 719 possint:
563 672 706 720 estque
739 664 935 720 optabile,
971 672 1019 706 ut
1053 663 1144 704 Viri
1179 661 1304 711 docti,
1337 660 1485 717 quibus
1506 669 1567 701 est
1595 660 1654 701 fa-

154 746 282 788 cultas
301 760 461 796 eorum,
493 745 707 787 conferant
742 760 837 787 cum
870 746 1002 796 editis,
1034 752 1076 786 et
1097 744 1309 799 Excerpta
1337 742 1380 783 in
1401 742 1538 784 lucem
1557 755 1655 796 pro-

152 828 288 870 ferant
306 827 370 869 vel
389 828 480 884 ipsi,
516 827 581 869 vel
614 842 689 883 per
717 827 832 878 alios,
864 836 988 885 atque
1019 827 1144 868 etiam
1180 826 1237 867 sic
1271 825 1433 880 prosint
1462 825 1654 866 Homero.

154 908 324 951 Etenim
355 908 449 950 satis
480 908 672 960 habeam,
718 908 919 965 profuisse
940 908 1070 950 literis
1104 906 1406 957 communibus,
1437 905 1564 961 idque
1594 920 1658 947 re-

154 989 248 1032 fert:
279 999 420 1032 utrum
440 990 515 1032 sub
546 1006 641 1032 meo
660 991 787 1046 ipsius
807 1006 861 1032 an
896 990 1064 1032 alterius
1084 989 1253 1030 nomine
1272 988 1360 1038 fiat,
1391 987 1497 1028 nihil
1517 987 1657 1036 refert,

155 1087 233 1114 nec
252 1072 504 1128 reipublicae,
535 1087 613 1113 nec
645 1086 750 1121 mea,
785 1080 829 1113 ut
862 1072 933 1128 qui
967 1086 1062 1112 mea
1092 1086 1235 1112 caussa
1268 1070 1313 1111 id
1333 1085 1410 1111 nec
1429 1069 1549 1118 facio,
1581 1083 1660 1110 nec

155 1153 290 1196 facere
309 1154 452 1195 debeo.
515 1153 756 1209 Superiores
787 1152 955 1208 quidem
985 1152 1176 1202 editores,
1209 1152 1280 1208 qui
1299 1158 1394 1206 post
1414 1152 1663 1194 Demetrium

156 1236 287 1286 fuere,
327 1243 400 1278 aut
438 1235 571 1276 nullos
613 1234 744 1276 MSS.
788 1234 963 1275 Codices
1003 1233 1198 1283 habuere,
1240 1241 1312 1274 aut
1350 1248 1522 1288 paucos,
1581 1248 1660 1277 nec

120 1310 127 1317 “
160 1317 280 1359 valde
299 1316 443 1357 bonos.
505 1315 686 1370 Oportet
705 1315 831 1372 igitur
861 1315 1121 1372 investigare,
1154 1313 1351 1370 quicquid
1372 1313 1578 1370 reliquum
1599 1322 1660 1356 est

159 1397 376 1448 librorum,
407 1411 501 1452 quae
535 1405 697 1452 reperta
729 1404 838 1447 sunt,
868 1397 1054 1452 proferre
1088 1397 1131 1437 in
1167 1396 1315 1446 lucem,
1358 1404 1405 1437 ut
1436 1395 1660 1451 aliquando

159 1478 303 1534 aliquis
322 1477 494 1518 idoneus
506 1477 640 1531 judex
660 1492 711 1517 ex
733 1492 782 1517 ea
811 1478 985 1518 materia
1017 1485 1058 1518 et
1092 1478 1213 1532 copia
1241 1477 1410 1533 deligat,
1443 1491 1536 1532 quae
1567 1478 1661 1518 Ho-

156 1574 261 1602 mero
299 1558 471 1614 prosint,
523 1550 698 1607 omnia,
730 1558 981 1614 tandemque
1029 1560 1165 1614 po'e'tae
1208 1558 1386 1613 principi
1427 1559 1657 1615 contingat,

156 1641 270 1700 quod
289 1641 326 1682 ei
346 1650 442 1682 ante
473 1639 574 1681 alios
604 1640 727 1682 debet
760 1641 1015 1698 contingere,
1047 1649 1094 1682 ut
1128 1642 1288 1698 integer
1323 1641 1438 1682 omni
1472 1649 1591 1696 parte
1621 1649 1663 1683 et

156 1738 285 1782 purus
305 1722 358 1765 ab
377 1721 570 1764 omnibus
590 1722 761 1762 maculis
781 1722 992 1772 reddatur,
1025 1738 1126 1778 quas
1155 1724 1192 1763 ei
1214 1722 1277 1763 vel
1297 1723 1459 1764 inscitia
1487 1722 1552 1763 vel
1582 1722 1663 1764 alia

156 1821 299 1850 caussa
337 1804 549 1859 adspersit.
626 1803 710 1844 Res
745 1812 806 1844 est
840 1819 938 1845 sane
967 1805 1110 1861 magni
1145 1804 1310 1854 laboris,
1355 1812 1396 1845 et
1427 1804 1556 1861 longi,
1598 1804 1663 1845 vel

158 1901 290 1929 unum
322 1886 535 1940 utriusque
573 1884 780 1926 Carminis
809 1885 1009 1927 Codicem
1051 1894 1242 1927 accurate
1282 1900 1525 1941 comparare
1565 1899 1659 1927 curn

156 1975 275 2011 textu
295 1967 422 2009 edito:
454 1966 526 2007 sed
560 1974 725 2022 oportet
759 1967 1008 2009 industrium
1038 1982 1124 2009 esse
1150 1975 1192 2008 et
1223 1975 1436 2008 strenuum
1470 1967 1515 2007 in
1536 1980 1663 2023 agen-

160 2052 231 2103 do,
262 2058 303 2092 et
341 2049 548 2104 adjutores
579 2064 797 2090 assumere.
861 2050 905 2092 Si
939 2058 1021 2091 tres
1059 2058 1131 2091 aut
1165 2058 1343 2105 quatuor
1378 2049 1445 2090 alii
1476 2048 1662 2104 posthaec

159 2132 342 2182 fecerint,
375 2131 488 2187 quod
512 2146 590 2188 ego
610 2146 694 2173 non
716 2132 812 2173 totis
847 2132 1030 2188 quinque
1050 2132 1168 2173 annis
1195 2132 1303 2172 inter
1323 2139 1385 2172 tot
1420 2131 1518 2172 alias
1538 2146 1660 2173 occu-

158 2215 346 2272 pationes
366 2213 525 2255 efficere
544 2214 675 2269 potui,
708 2213 803 2255 satis
824 2229 978 2271 magna
997 2214 1118 2269 copia
1137 2221 1283 2268 parata
1303 2213 1393 2254 erit.

249 2298 411 2339 Locum
432 2296 476 2336 in
495 2294 574 2337 hac
595 2295 841 2351 Appendice
874 2295 952 2337 feci
972 2296 1095 2338 etiam
1129 2295 1268 2337 libello
1289 2295 1435 2337 incerti
1469 2293 1664 2335 Auctoris

159 2382 207 2422 de
233 2380 273 2421 V
268 2381 328 2420 ita
349 2379 534 2428 Homeri,
556 2378 639 2419 sive
659 2378 796 2433 potius
817 2379 865 2419 de
884 2380 1007 2422 Poe'si
1022 2378 1254 2427 Homerica,
1278 2392 1364 2417 non
1385 2374 1512 2418 modo
1534 2374 1662 2430 quod,

161 2461 333 2516 antiquo
367 2459 555 2500 instituto
589 2460 801 2509 Demetrii,
848 2459 1067 2514 adjunctus
1102 2466 1163 2499 est
1198 2457 1446 2499 editionibus
1483 2455 1664 2498 Homeri

164 2540 466 2597 antiquioribus
505 2540 711 2590 omnibus,
744 2539 814 2581 sed
849 2540 986 2590 etiam,
1020 2549 1060 2581 et
1094 2539 1225 2580 multo
1258 2539 1404 2596 magis,
1436 2537 1548 2594 quod
1579 2538 1664 2592 ejus

161 2623 285 2664 lectio
304 2623 528 2679 plurimum
551 2623 603 2664 ad
625 2623 779 2664 utiliter
798 2622 1021 2679 legendum
1054 2622 1272 2663 Homerum
1299 2621 1493 2677 prodesse
1513 2626 1662 2676 potest,

164 2704 267 2746 mihi
288 2705 454 2761 quidem
476 2705 572 2746 olim
588 2705 729 2761 juveni
751 2704 880 2745 lectus
901 2703 1077 2745 multum
1099 2703 1266 2759 profuit.

225 2787 381 2838 Restat,
420 2788 494 2829 Vir
514 2788 693 2836 illustris,
716 2795 762 2828 ut
783 2787 835 2827 de
856 2787 994 2829 Indice
1017 2786 1246 2827 Graecorwn
1274 2785 1484 2826 Verborum
1515 2783 1664 2831 dicam,

161 2886 284 2927 quem
306 2872 358 2914 dc
381 2873 514 2914 Patris
550 2872 634 2914 Tui
656 2872 866 2914 voluntate
888 2872 1043 2921 addidi,
1076 2872 1161 2926 ejus
1183 2871 1355 2920 ratione,
1387 2871 1561 2919 delectu,
1599 2882 1666 2909 or-
