1856 3235
256 239 350 280 300
741 226 1295 277 PROLEGOMENA.

262 360 418 410 lendis
442 367 493 408 et
516 360 833 408 excernendis
862 359 1000 408 bonis
1034 360 1250 407 versibus
1268 375 1303 417 ²,
1347 359 1416 405 ita
1436 374 1579 406 nemo
1614 374 1737 406 unus

263 427 514 491 reperitur,
554 426 635 489 qui
657 427 812 489 ipsum
851 433 1012 472 narret
1046 424 1227 487 aliquid
1258 424 1446 487 insigne
1481 423 1737 487 subjecisse

263 496 435 555 poetae,
462 499 544 539 aut
583 509 611 539 a
633 508 683 539 se
708 491 996 553 compositos
1014 506 1178 537 versus
1223 489 1500 536 inculcasse.
1573 489 1738 551 Atque

264 557 316 605 id
340 558 399 604 ab
421 556 505 604 illo
528 572 627 604 non
651 572 752 603 esse
776 555 974 610 factum,
1002 554 1146 601 etiam
1169 554 1423 601 verisimile
1447 561 1519 600 est
1541 560 1738 616 propter

265 639 338 679 ea,
354 638 461 685 quae
485 622 546 670 de
580 621 777 684 ingenio
801 619 901 682 ejus
938 619 1160 674 diximus,
1197 626 1310 681 apto
1342 618 1425 665 illo
1459 617 1654 681 quidem
1691 624 1742 665 et

266 687 381 735 trito
407 686 685 751 judicandis
709 684 1014 741 carminibus,
1037 683 1168 730 haud
1202 683 1480 730 scribendis.
1549 683 1738 745 Itaque,

263 760 319 800 ut
342 753 502 800 omnia
525 767 710 798 summa
731 750 882 797 tribus
915 748 1073 796 verbis
1099 747 1405 810 complectar,
1434 747 1742 795 Aristarchus

262 817 328 874 id,
356 818 486 880 quod
509 817 709 864 audacia
731 815 862 862 aetati
887 830 984 861 suae
1006 813 1211 877 propria,
1232 820 1376 875 atque
1395 812 1516 859 adeo
1539 813 1609 860 rei
1628 828 1740 860 con-

264 890 507 938 sentanea,
544 881 784 944 nimiaque
820 879 1077 927 sobrietate
1112 878 1344 925 acuminis
1379 877 1597 940 deliquit,
1627 894 1743 941 pen-

263 948 438 997 savisse
461 947 653 995 videtur
677 945 909 1009 religione
933 952 982 992 et
1020 960 1135 991 cura
1158 951 1207 991 et
1230 943 1362 990 omni
1400 942 1640 1000 cautione,
1681 958 1744 990 ne

262 1013 524 1076 quidquam
567 1012 618 1058 in
659 1009 932 1073 exemplum
977 1026 1114 1056 suum
1154 1008 1445 1064 admitteret,
1486 1007 1577 1054 nisi
1614 1007 1745 1071 quod

267 1077 545 1125 Homericae
568 1084 651 1123 aut
677 1083 808 1123 certe
831 1075 1002 1138 priscae
1026 1082 1234 1121 monetae
1257 1080 1396 1120 esset.

331 1143 652 1189 Revertamur
679 1141 741 1187 ad
763 1139 1075 1202 propositum.
1146 1139 1234 1185 Est
1256 1137 1384 1185 enim
1406 1137 1659 1200 reliquum,
1685 1144 1742 1185 ut

264 1207 325 1255 de
371 1208 560 1260 ἀθετήσω
608 1204 877 1252 Aristarchi
921 1204 1112 1267 proprie
1150 1203 1379 1249 dicamus.
1462 1202 1742 1250 Macrobius

263 1272 460 1335 quidem
501 1271 679 1326 scribit,
705 1269 796 1317 tria
818 1268 922 1316 haec
948 1285 1007 1316 ex
1031 1284 1168 1331 aequo
1191 1266 1497 1330 impossibilia
1511 1266 1740 1330 judicari,

262 1337 340 1385 vel
363 1337 474 1386 Jovi
497 1335 696 1391 fulmen,
738 1334 816 1381 vel
842 1333 1046 1382 Herculi
1071 1333 1268 1389 clavam,
1310 1332 1387 1380 vel
1410 1347 1599 1379 versum
1638 1332 1742 1380 Ho-

263 1418 397 1450 mero
422 1401 702 1449 subtrahere
723 1407 756 1446 ὃ.
829 1399 943 1447 Hoc
965 1399 1005 1446 is
1028 1406 1177 1454 recte,
1204 1414 1345 1445 sensu
1368 1397 1450 1444 illo
1473 1414 1569 1460 quo
1592 1397 1738 1445 dixit:

264 1467 350 1515 sed
383 1483 634 1530 perperam
668 1464 954 1512 transfertur
993 1464 1055 1511 ad
1076 1464 1202 1511 hanc
1234 1463 1471 1511 rationem
1506 1462 1741 1510 criticam.

260 1533 371 1580 Nec
403 1532 505 1596 jam
544 1532 714 1594 loquor
738 1530 799 1577 de
833 1530 1061 1585 versibus,
1105 1545 1222 1592 quos
1247 1528 1430 1575 dudum
1470 1527 1742 1576 obliteravit

264 1597 534 1645 Aristarchi
558 1596 790 1644 recensio.
859 1594 1102 1642 Subtracti
1118 1601 1229 1641 sunt
1245 1593 1338 1651 illi;
1379 1592 1621 1640 Homerus
1638 1609 1742 1656 pas-

263 1679 342 1710 sus
374 1671 465 1717 est3
498 1678 643 1709 nemo
668 1661 829 1708 sentit.
900 1659 995 1708 Sed
1031 1658 1218 1706 nullum
1255 1666 1327 1706 est
1351 1658 1546 1705 omnino
1584 1674 1740 1721 genus

262 1728 565 1791 scriptorum,
588 1727 666 1774 cui
689 1725 876 1773 facilius
901 1732 950 1772 et
988 1741 1098 1772 cum
1139 1724 1323 1771 minore
1348 1722 1599 1786 dispendio
1635 1738 1740 1770 sen-

262 1793 525 1840 tentiarum
563 1791 744 1855 aliquid
769 1789 895 1837 demi
920 1789 1084 1852 possit,
1111 1805 1256 1852 quam
1283 1788 1356 1835 his
1378 1789 1538 1843 ἀοιδοῖς,
1563 1788 1741 1852 quippe

264 1874 468 1922 quorum
510 1857 663 1904 oratio
689 1855 894 1919 juvenili
933 1856 1154 1902 ubertate
1189 1870 1275 1917 per
1307 1853 1476 1917 longas
1517 1854 1741 1916 ambages

262 1924 540 1981 deducitur,
576 1930 626 1970 et
649 1921 779 1984 apud
803 1936 923 1983 quos
947 1936 1072 1983 saepe
1095 1919 1288 1975 levium,
1315 1919 1377 1965 ad
1398 1926 1614 1966 nostrum
1638 1919 1739 1981 qui-

263 1988 375 2036 dem
400 2004 608 2043 sensum,
635 2004 692 2034 ac
732 1986 1026 2032 minutarum
1050 2001 1209 2031 rerum
1232 1984 1392 2047 imago
1415 1984 1576 2046 spirat.
1643 1983 1743 2030 Ne-

262 2069 356 2116 que
381 2054 512 2117 apud
546 2069 626 2100 eos
653 2049 1017 2114 comprehensio
1056 2056 1105 2098 et
1141 2049 1346 2096 ambitus
1381 2049 1636 2096 verborum
1674 2047 1741 2095 sic

260 2118 549 2166 terminatur
572 2116 839 2171 artificiose,
869 2123 924 2162 ut
946 2115 1243 2179 perpetuitas
1268 2121 1523 2162 contextus
1546 2112 1744 2161 tollatur

263 2183 463 2248 dempto
487 2183 647 2246 aliquo
670 2179 932 2240 versicu103
969 2180 1085 2244 quin
1109 2187 1279 2228 contra
1299 2180 1367 2227 ita
1395 2194 1744 2242 nonnunquam

316 2337 336 2357 a
365 2326 448 2357 Vide
477 2336 569 2365 supra
594 2336 623 2365 p.
649 2328 720 2355 282.
746 2334 808 2365 sqq.
840 2329 870 2354 et
897 2327 967 2356 295.
990 2334 1035 2365 sq.
1094 2324 1140 2354 At
1174 2324 1302 2354 fortasse
1326 2322 1471 2353 nonnulli
1495 2321 1591 2353 etiam
1616 2320 1744 2364 ἐξαίρεσιν

263 2370 429 2410 (lituram)
455 2369 651 2408 subjecerunt
675 2367 824 2398 vocabulo
849 2366 1024 2401 ἀθετήσεως.
1068 2366 1153 2397 Nam
1178 2367 1237 2397 ista
1260 2367 1325 2397 duo
1348 2365 1499 2397 confundi
1525 2365 1669 2395 videntur
1693 2363 1743 2394 in-

263 2412 407 2449 terdum3
428 2417 458 2442 et
472 2411 532 2441 fuit
546 2411 637 2441 facile
653 2410 851 2444 confundere,
875 2410 1042 2448 praesertim
1058 2411 1150 2440 verba
1167 2411 1348 2453 περιγράψαι
1370 2415 1401 2439 et
1425 2409 1533 2447 ἐξελεῖν.
1577 2406 1744 2447 Cujusmo-

264 2455 299 2486 di
313 2460 432 2485 certum
448 2454 626 2493 exemplum
642 2455 756 2492 praebet
777 2453 919 2483 Eustath.
934 2452 974 2482 ad
991 2452 1102 2492 Odyss.
1127 2463 1156 2491 p.
1174 2456 1265 2483 1480.
1291 2455 1341 2484 19.
1365 2450 1477 2482 collato
1499 2449 1568 2481 loco
1589 2449 1747 2480 Athenaei.

265 2498 425 2529 Caeterum
439 2497 601 2527 libidinem
616 2495 801 2536 corrigendi,
824 2505 893 2536 quae
909 2495 1029 2534 proprie
1054 2495 1167 2525 dicitur
1191 2496 1225 2525 in
1250 2495 1348 2526 verbis
1368 2500 1400 2524 et
1421 2492 1582 2524 sententiis
1604 2491 1745 2533 singulis,

263 2546 382 2571 veteres
395 2539 549 2570 rarissime
563 2538 793 2578 reprehendunt
806 2538 839 2567 in
856 2538 1043 2574 Aristarcho,
1068 2538 1125 2568 etsi
1138 2548 1202 2568 non
1217 2547 1287 2568 raro
1310 2536 1459 2567 recedunt
1480 2545 1499 2565 a
1520 2534 1651 2566 decretis
1670 2534 1747 2575 ejus.

264 2583 385 2614 Praeter
399 2584 465 2613 haec
479 2582 651 2622 singulares
666 2581 783 2612 suntin
802 2581 933 2610 Scholiis
949 2580 1009 2611 loci
1030 2581 1101 2616 duo,
1125 2591 1208 2611 unus
1228 2580 1269 2611 ad
1293 2581 1317 2611 ι’.
1344 2583 1415 2610 222.
1436 2578 1514 2609 alter
1537 2577 1578 2608 ad
1605 2580 1646 2609 π’.
1673 2580 1747 2608 466.

264 2625 310 2656 In
324 2625 426 2665 priore
444 2624 623 2655 Aristarcho
636 2625 730 2654 etiam
746 2624 913 2654 reverentia
928 2629 1067 2654 veterum
1082 2623 1297 2654 recensionum
1313 2623 1459 2653 tribuitur
1472 2627 1503 2652 et
1519 2622 1639 2663 περιττὴ
1661 2620 1747 2651 εὐλά-

268 2672 350 2704 βειαι·
374 2668 408 2698 in
424 2667 590 2707 posteriore
604 2667 775 2698 constantia
791 2666 1016 2697 emendationis
1031 2676 1148 2702 eorum,
1171 2676 1240 2707 quae
1254 2665 1414 2705 praeceptis
1427 2663 1491 2695 suis
1512 2663 1666 2695 contraria
1689 2671 1745 2702 pu·

269 2716 371 2742 tasset.
415 2711 525 2747 Quum
539 2712 623 2740 enim
644 2710 687 2740 ibi
702 2709 820 2750 aliquid
834 2709 894 2739 tale
909 2710 956 2745 sit,
980 2715 1139 2740 enarrator
1152 2709 1285 2749 conjicit,
1307 2708 1341 2738 in
1355 2706 1522 2746 exemplari
1542 2706 1626 2737 illius
1652 2704 1746 2736 aliam

264 2754 450 2794 scripturam
464 2753 540 2784 olim
555 2753 667 2783 fuisse:
690 2754 719 2783 οὐ
735 2754 793 2795 γὰρ
809 2751 842 2782 ἄν
857 2753 928 2783 αὐτὸ
943 2753 1177 2794 ἀπαραμύθητον
1192 2753 1205 2783 o‘
1217 2752 1407 2794 Ἀρίσταρχος
1432 2751 1550 2790 ἀφῆκεν,
1572 2760 1633 2780 mm
1657 2749 1747 2778 relic-

265 2803 354 2829 turus
362 2797 478 2838 fuisset
497 2798 575 2827 illud
589 2798 654 2827 sine
669 2797 783 2826 medela
797 2795 1004 2834 auefimento.
1048 2795 1188 2827 Doctum
1213 2795 1273 2826 hoc
1296 2799 1342 2825 est
1365 2799 1398 2825 et
1420 2797 1574 2825 vetustum
1591 2790 1745 2825 Scholion.

266 2840 321 2871 sed
335 2840 424 2880 cujus
444 2845 552 2870 auctor
567 2840 687 2871 textum
703 2838 873 2870 Aristarchi
888 2847 952 2869 non
967 2837 1092 2870 viderat.

293 2885 315 2914 b
337 2883 461 2915 Satura.
475 2883 515 2915 V.
530 2885 561 2913 3.
