1856 3235
576 232 1131 281 PROLEGOMENA.
1493 239 1587 281 263

109 368 162 416 in
201 365 403 414 Venetis
446 362 664 419 Scholiis,
699 379 840 426 quem
878 378 966 409 nos
1007 363 1279 411 accuratius
1318 364 1589 412 norimus-l

112 433 211 480 Hic
234 430 469 480 laboriosa
490 428 654 475 messis
677 427 906 491 objicitur
928 427 1269 484 literatoribus‚
1312 445 1419 492 quae
1461 430 1590 477 labo-

109 515 212 547 rem
236 505 397 545 tamen
421 493 678 557 saepissime
706 492 977 540 frustratur.
1048 493 1175 540 Nam
1215 502 1270 540 ut
1311 495 1471 542 omnia
1505 495 1589 541 mi-

110 561 372 611 nutissimis
394 559 609 622 vestigiis
632 558 875 622 indagaris
899 566 949 606 et
972 558 1239 606 excusseris
1278 575 1389 606 cum
1415 560 1591 622 pulvis-

112 628 244 683 culo,
275 626 356 673 vix
381 625 641 672 obscuram*
658 623 898 687 quandam
930 624 1365 681 adumbrationem,
1389 641 1487 672 non
1512 642 1592 672 ex-

109 708 319 757 pressam
364 690 627 754 imaginem
665 705 937 753 proponere
977 690 1145 736 licebit
1190 689 1293 753 ejus
1340 689 1589 746 doctrinae,

110 773 216 822 quae
238 755 558 817 bibliothecas
583 755 878 804 Criticorum
905 753 1281 803 Homericorum
1302 755 1590 819 impleverat

106 821 404 885 temporibus
429 820 651 884 Apionis.
722 820 818 868 Sed
841 821 979 868 nobis
1002 837 1100 868 non
1132 827 1205 869 est
1245 821 1447 877 animus,
1492 820 1593 868 illa-

107 904 215 938 rum
237 903 419 935 vacuos
441 885 626 934 forulos
650 885 906 934 ostendere
932 885 1131 950 singulis
1174 886 1438 950 deperditis
1479 903 1591 950 ope-

107 953 239 1002 ribus
270 952 646 1008 dinumerandis,
683 959 767 999 aut
804 951 1069 1016 impensius
1110 952 1340 1016 conqueri
1380 952 1594 1015 iniquam

107 1025 303 1074 sortem,
340 1033 426 1066 seu
450 1033 742 1081 quocunque
765 1016 887 1065 illud
927 1017 1124 1066 nomine
1147 1017 1390 1082 appellare
1413 1017 1595 1081 placet,

110 1083 244 1148 quod
264 1091 451 1131 tantam
475 1091 686 1147 stragem
727 1090 777 1131 et
812 1083 1000 1130 ruinam
1041 1082 1161 1131 fecit
1199 1084 1251 1130 in
1291 1084 1448 1139 rebus,
1488 1099 1595 1146 quae

109 1149 405 1213 sempiterno
428 1149 536 1196 usui
554 1148 855 1196 eruditorum
874 1149 1128 1197 destinatae
1143 1149 1442 1197 viderentur.
1482 1148 1597 1195 Huc

112 1231 240 1278 saepe
261 1214 479 1263 literatos
502 1230 590 1262 nos
616 1214 761 1263 decet
784 1214 945 1262 animo
969 1215 1179 1278 regredi,
1214 1223 1270 1261 ut
1308 1213 1451 1261 famae
1491 1230 1598 1261 nos-

112 1288 201 1328 trae
226 1279 558 1328 conditionem
583 1280 838 1335 discamus,
877 1288 925 1327 et
950 1296 1011 1327 ex
1034 1287 1111 1327 tot
1135 1280 1374 1327 clarorum
1400 1280 1601 1343 scripto-

111 1362 222 1393 rum
244 1345 510 1393 miserrima
532 1344 730 1393 fortuna
752 1345 975 1393 solatium
1000 1362 1269 1409 quaeramus
1300 1346 1476 1393 nostris
1499 1345 1602 1392 sive

115 1411 214 1459 cito
237 1410 519 1468 interituris,
563 1427 649 1459 seu
678 1411 938 1475 aliquando
978 1412 1100 1459 acris
1141 1411 1352 1459 censoris
1394 1411 1603 1459 carbone

115 1475 310 1524 notatis.
381 1475 491 1524 Illic
516 1484 696 1540 quanta
717 1493 817 1524 uno
857 1476 909 1523 in
948 1476 1060 1525 loco
1102 1477 1337 1525 cadavera
1375 1484 1423 1524 et
1461 1478 1602 1525 busta

113 1541 417 1590 voluminum
441 1549 555 1590 ante
579 1541 747 1590 oculos
761 1541 952 1606 jacent!

773 1741 943 1790 XLII.

168 1873 342 1921 Redeo
358 1873 419 1921 ad
434 1873 562 1921 viros
587 1873 774 1930 doctos,
796 1873 880 1937 qui
904 1873 1063 1921 adhuc
1081 1873 1253 1921 vivunt
1270 1873 1322 1920 in
1341 1873 1606 1937 superstiti-

119 1940 211 1987 bus
235 1940 547 2004 scriptoribus
563 1947 612 1988 et
631 1939 926 1988 Scholiastis.
976 1939 1267 2003 Quanquam
1290 1938 1608 2003 plurimorum

121 2021 182 2052 ex
204 2004 298 2053 illis
311 2005 529 2068 precaria
543 2006 642 2052 vita
658 2013 746 2053 est.
805 2005 918 2068 Ipse
937 2005 1133 2069 quidem
1157 2004 1334 2061 Zoilus,
1355 2004 1610 2053 famosissi-

118 2069 210 2117 mis
227 2068 401 2118 fabulis
418 2070 630 2118 ludibrio
651 2069 868 2118 omnium
886 2078 1160 2134 temporum
1182 2069 1416 2134 objectus,
1438 2071 1612 2135 quibus

118 2135 422 2199 potissimum
446 2137 497 2182 in
520 2137 662 2184 rebus
687 2136 919 2184 allatrarit
962 2136 1249 2193 Homerum,
1286 2153 1456 2200 parum
1495 2152 1608 2185 con·

120 2208 216 2248 stat
233 2200 269 2248 δ.
340 2201 420 2250 Ita
441 2201 803 2259 nonnullorum,
842 2202 926 2266 qui
950 2202 1180 2250 dicuntur
1220 2203 1306 2249 uni
1329 2202 1398 2250 rei
1422 2219 1508 2251 seu
1530 2217 1612 2250 vo-

161 2332 181 2353 a
203 2322 250 2353 Ut
265 2322 448 2364 Antigonus
462 2323 501 2354 ad
518 2323 564 2363 φ’.
580 2327 653 2356 519.
697 2324 881 2356 Antodorus
895 2335 951 2356 seu
967 2325 1150 2356 Autodorus
1175 2325 1223 2365 ψ’.
1247 2328 1318 2357 658.
1342 2324 1441 2367 (idem
1467 2326 1489 2355 f.
1514 2334 1608 2367 quem

119 2366 177 2396 sub
192 2375 222 2396 n.
244 2369 295 2396 36.
310 2367 538 2407 memorabam)
559 2367 710 2398 Aretadae
725 2368 764 2398 ω’.
781 2372 852 2399 110.
897 2369 1038 2400 Aristeas
1055 2368 1084 2399 ι’.
1102 2372 1171 2400 157.
1217 2368 1364 2409 Clitopho
1380 2369 1411 2400 ν’.
1427 2372 1498 2400 404.
1543 2368 1610 2398 De-

118 2417 182 2443 mo,
199 2408 314 2439 mulier
327 2409 484 2451 allegoriae
497 2409 642 2446 studiosa,
665 2411 703 2447 β’.
719 2414 792 2442 205.
810 2411 838 2442 ι’.
854 2414 926 2443 722.
970 2412 1021 2443 Cf.
1044 2412 1134 2442 Eust.
1158 2422 1187 2451 p.
1218 2415 1307 2445 1154.
1351 2412 1416 2442 Ero
1441 2411 1556 2442 Delius
1577 2418 1609 2442 et

123 2450 249 2482 Hermo
265 2452 302 2482 κ’.
318 2455 390 2483 274.
434 2453 554 2493 Hagno
569 2452 602 2484 δ’.
621 2457 689 2484 101.
731 2454 916 2495 Licymnius
938 2455 976 2491 β’.
1003 2459 1073 2486 106.
1116 2455 1265 2486 Nemesin
1287 2455 1325 2486 κ’.
1349 2458 1422 2486 597.
1466 2454 1609 2495 Polycle-

122 2498 174 2524 tus
188 2494 226 2533 φ’.
243 2498 314 2526 126.
335 2506 366 2535 ρ.
387 2499 459 2526 468.
504 2495 617 2527 Sextus
640 2495 678 2527 λ’.
705 2500 775 2529 155.
822 2497 987 2538 Staphylus
1013 2497 1055 2530 π’.
1083 2501 1153 2529 175.
1196 2499 1290 2529 Xeno
1315 2498 1358 2537 μ’.
1377 2501 1450 2530 455.
1470 2497 1532 2532 alii,
1555 2497 1610 2538 qui

123 2537 214 2567 nobis
229 2537 342 2569 deinde
357 2545 520 2570 occurrent
535 2549 599 2570 non
614 2539 745 2580 quaesiti.
790 2540 831 2572 In
855 2540 910 2571 illo
935 2551 1067 2572 numero
1091 2541 1181 2580 plura
1194 2547 1269 2572 sunt
1283 2541 1412 2572 nomIna
1427 2540 1607 2572 obscurissi-

127 2588 189 2615 ma,
212 2581 326 2619 partim
339 2581 434 2621 plane
449 2582 568 2623 ignota,
592 2583 705 2622 partim
723 2589 870 2623 corrupta
891 2584 985 2614 etiam
1008 2595 1027 2615 a
1041 2584 1181 2615 librariis.
1226 2584 1287 2615 Sed
1299 2585 1407 2615 insunt
1421 2591 1536 2618 tamen,
1561 2582 1615 2623 qui

125 2623 301 2671 perantiqui
315 2625 486 2661 videantur,
511 2636 594 2656 unus
609 2632 641 2656 et
656 2625 734 2656 alter
756 2626 980 2663 Aristarcheus,
1004 2633 1035 2658 et
1049 2627 1190 2658 assiduus
1205 2627 1310 2659 forsan
1324 2628 1475 2668 interpres
1490 2627 1615 2658 Home·

124 2673 162 2694 n.
178 2707 186 2715 ι
206 2665 348 2698 Omnino
361 2668 395 2698 in
410 2669 499 2718 novis
515 2669 647 2699 Scholiis
662 2669 753 2709 pauci
768 2670 974 2710 reperiuntur,
994 2670 1108 2712 quibus
1129 2676 1253 2702 aetatem
1269 2671 1395 2711 Apione
1409 2670 1612 2711 posteriorem

128 2715 266 2748 assignet
278 2716 362 2742 certa
375 2717 455 2742 ratio
468 2717 657 2751 temporum.

170 2752 191 2781 b
215 2751 247 2782 Si
262 2753 341 2784 nihil
355 2753 395 2785 de
412 2755 502 2786 Zoilo
515 2761 688 2795 superesset
709 2761 819 2795 praeter
833 2756 888 2787 illa
902 2755 942 2787 ad
963 2756 1002 2788 α’.
1028 2760 1099 2790 129.
1121 2756 1150 2788 ε’.
1176 2761 1206 2788 4.
1229 2761 1278 2788 20.
1301 2763 1337 2788 κ’.
1360 2760 1431 2788 274.
1454 2762 1491 2787 α’.
1512 2758 1561 2785 22.
1583 2760 1614 2784 et

129 2792 220 2824 Eust-
234 2794 274 2825 ad
291 2796 401 2836 Odyss.
415 2808 445 2837 p.
462 2801 561 2833 1614„
585 2798 717 2829 invisam
740 2798 769 2830 ei
794 2800 902 2839 poesin
927 2810 1056 2831 omnem
1081 2800 1177 2832 fuisse
1200 2800 1326 2834 diceres,
1350 2800 1502 2839 planeque
1525 2798 1615 2838 igno·

130 2842 232 2867 ratam
247 2838 338 2878 prisci
351 2841 410 2870 aevi
424 2841 577 2872 rationem
589 2841 744 2873 sentiendi
757 2842 977 2884 loquendique.
1022 2845 1063 2874 In
1077 2854 1140 2885 quo
1151 2850 1255 2875 tamen
1268 2843 1346 2874 nihil
1358 2842 1528 2873 admodum
1538 2850 1617 2880 prae·

129 2883 179 2928 ter
193 2886 321 2913 eeteros
333 2884 484 2923 peccavit:
510 2884 606 2916 modo
619 2885 736 2916 rabiem
752 2885 907 2917 addidisse
920 2886 1044 2918 videtur
1061 2887 1231 2927 profectam
1246 2888 1284 2917 ab
1305 2886 1468 2917 acerbitate
1492 2891 1522 2915 et
1545 2893 1616 2924 pra-

128 2927 223 2955 vitate
237 2924 345 2957 animi.
391 2926 515 2960 Similia
530 2927 591 2960 illis
605 2939 686 2971 saepe
698 2928 791 2962 multi
806 2929 918 2963 nostris
932 2931 1123 2972 temporibus
1136 2930 1281 2963 adversus
1297 2930 1369 2961 Vet.
1384 2928 1469 2960 Test.
1487 2927 1614 2968 scripse-
