1856 3235
209 214 302 253 216
698 205 1093 255 PROLEGOM
1098 206 1255 254 ENA.

202 343 350 399 pente
375 336 528 383 omnis
554 352 751 400 campus
777 337 1119 400 disputationis
1138 335 1368 393 mutatur,
1392 349 1689 388 evanescunt

202 400 354 448 ferme
389 402 592 465 vestigia
625 402 867 458 historica,
918 410 967 449 et
1006 403 1055 448 in
1093 403 1256 450 locum
1298 419 1463 449 eorum
1497 405 1714 467 trepide.

205 466 430 513 succedit
454 467 734 530 conjectura
758 475 808 514 et
842 467 1162 523 ratiocinatio,
1202 485 1299 514 non
1336 484 1555 531 quaerens
1588 469 1684 526 illa,

204 531 320 594 quid
348 531 644 587 Herodotus,
683 532 800 595 quid
825 531 977 586 Plato,
1016 532 1133 594 quid
1158 549 1371 580 summus
1397 535 1687 582 Aristoteles

203 596 383 653 afferat,
421 598 506 645 sed
530 598 648 661 quid
672 614 732 644 ex
756 597 1007 659 principiis
1030 598 1155 644 bene
1184 599 1383 660 provisis
1410 608 1614 662 cogatur
1638 608 1689 651 et

202 661 449 718 efficiatur,
486 663 537 709 id
575 679 743 709 severo
775 662 966 724 judicio
1012 678 1306 725 persequens
1353 672 1402 710 et
1439 681 1550 711 cum
1585 666 1689 727 ipsa

201 735 373 774 natura
397 743 694 790 comparans.
766 725 1084 789 Conjecturas
1116 727 1392 790 hujusmodi
1418 729 1561 776 hodie
1585 730 1687 777 vul-

198 809 288 856 gus
325 792 558 840 infamare
583 792 704 840 solet
738 792 936 839 nomine
970 793 1330 856 hypothesium.
1404 794 1540 840 Dura
1574 812 1686 842 con-

198 858 340 904 ditio:
379 875 465 905 nos
499 866 664 905 tamen
707 858 790 904 diu
827 859 1046 905 cunctati
1088 866 1137 905 et
1176 866 1530 921 exspectantes,
1569 860 1686 906 duni

196 923 523 986 praefidentior
547 923 667 970 alius
690 923 783 970 hoc
808 924 1024 979 auderet,
1063 940 1160 970 non
1195 933 1468 970 metuamus
1504 924 1686 972 diutius

196 987 350 1044 famae,
387 988 757 1051 planissimeque
783 989 943 1035 statim
970 989 1200 1044 dicamus,
1239 990 1369 1052 quod
1394 1006 1467 1036 res
1509 998 1596 1037 est.

262 1054 473 1101 Videtur
512 1054 676 1116 itaque
718 1070 779 1101 ex
819 1053 912 1100 illis
937 1054 1071 1116 sequi
1110 1055 1394 1109 necessario,
1433 1064 1531 1101 tam
1555 1072 1687 1119 mag-

195 1135 368 1165 norum
420 1126 469 1165 et
494 1126 751 1182 'perpetua
801 1119 921 1166 serie
970 1119 1291 1166 deductorum
1346 1136 1546 1182 operum
1590 1120 1685 1167 for-

200 1201 328 1231 mam
369 1200 396 1230 a
432 1183 567 1230 nullo
608 1188 754 1246 po‘eta
777 1200 869 1231 nec
895 1184 1136 1246 designari
1161 1185 1323 1231 animo
1360 1201 1452 1231 nec
1478 1185 1686 1232 elabora-

195 1250 234 1295 ri
269 1248 482 1312 potuisse
508 1248 610 1296 sine
639 1249 898 1296 artificioso
924 1249 1220 1296 adminiculo
1245 1250 1504 1296 memoriae.
1576 1250 1686 1298 Coe-

194 1314 243 1361 lo
269 1314 529 1361 demissum
570 1314 822 1378 ingenium
864 1314 1034 1361 demus
1077 1314 1308 1371 Homero,
1346 1314 1682 1362 altissimarum

200 1396 351 1443 capax
378 1379 746 1443 cogitationum,
785 1381 959 1443 quibus
996 1380 1267 1427 divinarum
1293 1389 1342 1428 et
1366 1381 1685 1428 humanarum

192 1462 353 1492 rerum
395 1446 609 1492 omnium
659 1446 909 1492 scientiam
951 1445 1254 1504 exhauserit;
1307 1445 1368 1492 sit
1406 1445 1489 1493 ille
1528 1446 1682 1502 nobis,

192 1518 249 1557 ut
281 1510 499 1558 Velleius
523 1511 604 1567 ait,
643 1511 745 1558 sine
784 1511 1008 1574 exemplo
1042 1511 1280 1558 maximus
1316 1519 1365 1558 et
1400 1511 1503 1558 sine
1540 1527 1684 1558 aemu-

192 1576 264 1623 lo:
303 1593 360 1624 ac
397 1593 513 1623 ⁴sane
551 1593 797 1640 nunquam
835 1576 963 1623 illius
1003 1576 1199 1624 luminis
1237 1576 1465 1640 splendor
1504 1576 1681 1625 iterum

194 1642 453 1697 exorietur,
491 1642 583 1688 nisi
606 1642 804 1690 alteram
831 1642 1072 1690 Graeciam
1099 1651 1383 1690 nascentem
1408 1640 1682 1690 videnter-

193 1708 288 1755 bis:
338 1707 398 1754 sit
437 1707 534 1763 ille,
572 1708 654 1770 qui
691 1708 890 1771 ingenio
931 1725 1072 1771 supra
1113 1725 1279 1755 omnes
1318 1707 1513 1762 eminet,
1552 1707 1684 1770 quod

191 1780 367 1836 praeter
403 1781 623 1820 naturam
663 1782 749 1829 est,
785 1773 1110 1820 limatissimus
1150 1774 1279 1821 idem
1322 1782 1371 1820 et
1412 1773 1542 1820 omni
1579 1781 1683 1820 arte

191 1837 593 1901 perfectissimus:
631 1855 693 1886 ne
718 1838 802 1886 tali
828 1839 1024 1901 quidem
1050 1838 1232 1886 homini
1257 1838 1403 1886 tribui
1426 1846 1589 1901 potest
1612 1838 1678 1893 id,

192 1903 325 1966 quod
347 1920 540 1967 prorsus
563 1903 877 1951 humanitatis
902 1912 1096 1967 captum
1123 1914 1331 1967 superat,
1370 1912 1419 1951 et
1444 1903 1523 1950 cui
1547 1919 1679 1950 men-

191 1977 241 2016 te
266 1969 639 2033 complectendo
662 1969 797 2017 locus
835 1977 883 2017 et
907 1971 1107 2017 materia
1130 1979 1179 2017 et
1202 1969 1574 2016 fundamentum
1599 1968 1680 2016 de-

192 2042 320 2081 sunt.
391 2034 586 2082 Etenim
623 2036 660 2082 si
694 2035 855 2099 priora
886 2035 959 2089 ἔπη
995 2036 1156 2082 omnia
1196 2036 1418 2082 breviora
1442 2033 1677 2090 fuerunt,

190 2116 453 2164 eorumque
478 2100 850 2164 vulgandorum,
889 2101 1034 2148 etiam
1059 2101 1207 2165 ipsius
1231 2109 1373 2147 aetate
1398 2107 1448 2147 et
1472 2100 1555 2147 diu
1573 2115 1679 2162 pos-

190 2173 286 2222 tea,
322 2167 493 2213 unicus
528 2167 701 2214 modus
735 2166 829 2213 fuit
862 2167 1059 2230 publica
1093 2167 1328 2221 recitatio,
1365 2165 1473 2212 talis
1513 2164 1679 2212 videli-

191 2238 284 2287 cet,
323 2231 451 2294 quali
491 2232 754 2295 rhapsodos
788 2232 849 2279 ad
885 2232 1177 2296 Cynaethum
1220 2249 1330 2278 usos
1371 2230 1602 2288 vidimus;
1640 2230 1679 2276 si

190 2313 332 2359 porro
357 2296 555 2345 minime
581 2298 812 2345 credibile
849 2306 922 2344 est
946 2307 995 2345 et
1018 2297 1152 2345 nulla
1175 2297 1466 2345 auctoritate
1491 2296 1676 2351 nixum,

189 2361 350 2425 plures
387 2370 606 2411 cantores
630 2380 716 2427 per
740 2363 923 2426 aliquot
959 2364 1059 2410 dies
1096 2363 1195 2410 sive
1227 2361 1553 2415 hebdomades
1579 2361 1676 2408 die-

187 2444 295 2474 rum
320 2436 513 2475 coactos
536 2445 749 2493 unquam
774 2445 877 2476 esse
907 2429 968 2476 ad
1006 2437 1141 2476 tanta
1182 2429 1408 2476 Carmina
1447 2426 1675 2473 auditori-

188 2494 277 2540 bus
318 2493 607 2556 ingerenda3
645 2511 753 2558 quae
790 2511 886 2542 una
920 2495 1042 2541 ratio
1077 2494 1262 2550 fuisset,
1300 2502 1356 2540 ut
1389 2491 1678 2555 magnitudo

189 2567 240 2606 et
263 2575 446 2606 summa
484 2576 665 2616 eorum,
705 2577 802 2607 non
845 2561 1003 2608 dicam
1040 2558 1549 2623 comprehenderetur,
1588 2557 1674 2604 sed

187 2623 248 2671 ad
273 2633 545 2672 extremum
569 2626 819 2674 audiretur
839 2631 871 2672 ²:
911 2626 1118 2689 cogitur,
1156 2626 1368 2688 inquam,
1395 2632 1445 2671 et
1469 2622 1676 2670 efficitur

225 2775 245 2794 a
269 2764 453 2795 Aristoteles
467 2775 567 2806 quum
584 2766 748 2796 εὐσύνοπτον
762 2767 853 2806 pix&
869 2766 946 2796 vidit
961 2766 993 2796 in
1011 2765 1111 2795 Iliade
1134 2764 1238 2805 (Pokit.
1258 2764 1333 2804 25),
1349 2763 1406 2794 etsi
1428 2762 1496 2802 ipsa
1509 2761 1677 2803 longitudo

181 2806 250 2846 ejus
264 2807 347 2847 apud
363 2814 480 2838 veteres
495 2808 527 2838 in
544 2809 739 2847 proverbium
759 2809 855 2843 cessit,
872 2809 911 2839 de
926 2809 1006 2839 lecta
1020 2809 1063 2839 sic
1081 2807 1242 2847 judicavit,
1266 2817 1328 2837 non
1345 2806 1384 2837 de
1406 2806 1522 2836 audita.
1567 2806 1676 2842 Quan-

182 2859 277 2888 quam
294 2852 352 2881 hoc
378 2851 461 2890 parvi
476 2852 630 2881 momenti
656 2858 709 2882 est.
755 2851 817 2882 Sed
841 2852 975 2882 notabile
1001 2858 1054 2887 est,
1069 2851 1154 2891 quod
1181 2851 1292 2881 Dat-er.
1319 2849 1361 2880 ibi
1384 2849 1423 2879 ad
1446 2859 1472 2879 c.
1489 2852 1539 2879 24.
1562 2854 1674 2883 narrat.

182 2892 284 2924 Iliada
300 2893 465 2925 commode
480 2895 597 2935 perlegi
613 2905 701 2934 posse
717 2905 782 2926 uno
797 2894 856 2927 die.
902 2895 976 2927 Hoc
1000 2904 1059 2935 ego
1075 2894 1181 2935 legens
1196 2903 1277 2934 saepe
1293 2893 1332 2924 ad
1354 2891 1506 2924 Judaeum
1523 2891 1671 2932 Apellam
