1856 3235
246 230 341 269 250
712 210 1269 271 PROLEGOMENA.

249 351 429 407 Thasii,
451 367 652 414 quarum
676 352 870 400 alterius
895 370 956 401 ne
978 354 1143 401 locum
1168 352 1364 416 quidem
1387 351 1726 408 inveniremus,

250 416 397 479 (adeo
420 425 631 464 mutatus
655 425 729 464 est
750 425 914 465 textus
938 418 1146 478 noster,)
1182 417 1271 464 nisi
1297 433 1406 464 eum
1445 417 1730 465 Aristoteles

249 482 302 527 in
323 490 601 530 transcursu
625 483 882 530 indicasset
900 498 932 529 ³.
1003 484 1090 529 Est
1112 483 1194 530 ille
1222 482 1276 528 ΙΙ.
1302 481 1367 545 β’.
1395 490 1483 537 15.,
1520 482 1603 528 ubi
1627 490 1732 528 tum

248 563 339 610 pro
361 547 534 603 verbis,
573 549 747 611 Tga'aewm
772 548 812 594 δὲ
834 548 937 601 κήδε’
967 549 1159 606 ἐφῆπται,
1194 547 1446 609 legebatur
1467 545 1568 593 fere
1591 553 1647 593 ut
1670 547 1735 606 φ’,

252 618 375 668 297.,
412 613 568 675 δίδομεν
592 614 631 659 δέ
656 615 695 658 οἱ
713 612 830 672 εὖχος
853 613 1041 675 ἀρέσθαι.
1112 612 1320 674 Impium
1338 613 1613 674 putabatur,
1649 612 1730 660 Jo-

251 694 361 725 vem
387 677 461 724 his
484 678 640 725 verbis
667 677 716 724 id
759 677 899 740 plane
938 677 1236 740 promittere,
1274 677 1405 738 quod
1445 684 1732 723 eventurum

244 759 351 790 non
376 751 524 800 esset3
563 743 697 805 quasi
719 742 770 788 in
795 743 979 789 caeteris
1011 742 1202 804 Jupiter
1243 757 1381 788 secus
1419 749 1584 803 ageret
1619 758 1732 789 cum

254 807 625 871 Agamemnone
673 824 815 870 quam
856 807 1044 856 Jehova
1089 823 1198 853 cum
1248 805 1453 852 Achabo
1500 806 1523 852 I
1572 807 1731 869 Regg.

254 873 427 920 XXII.
507 873 601 920 Sed
649 872 873 936 Hippias,
908 872 1129 919 acumine
1165 871 1346 918 artibus
1388 870 1588 934 Loyolae
1633 871 1735 935 dig-

251 955 331 995 no,
367 940 568 986 verbum
593 938 750 1000 δίδομεν
785 938 990 985 mutavit
1026 937 1076 983 in
1113 936 1281 997 διδόμεν,
1319 936 1610 982 infinitivum
1644 953 1734 999 pro

252 1004 538 1067 imperativo
563 1003 916 1065 accipiendum,
953 1010 1010 1049 ut
1031 1002 1348 1064 transpositus
1380 1008 1612 1048 accentus
1637 1001 1736 1048 cu]-

250 1086 362 1132 pam
385 1067 567 1115 fraudis
590 1085 618 1114 a
639 1068 762 1116 Jove
793 1068 1019 1130 rejiceret
1056 1067 1108 1112 in
1148 1067 1418 1113 Somnium.
1491 1065 1634 1113 Alter
1666 1066 1735 1113 lo-

252 1151 338 1181 cus
364 1141 435 1192 est
459 1133 525 1193 ψ’.
553 1141 680 1188 328„
718 1133 777 1178 ab
799 1131 884 1178 illo
906 1133 975 1178 ita
999 1139 1244 1178 correctus
1268 1139 1323 1178 ut
1357 1131 1502 1178 hodie
1536 1131 1731 1195 legitur.

252 1199 350 1246 Ubi
374 1198 412 1245 si
441 1198 644 1260 Hippias
667 1197 850 1260 primus
874 1196 988 1243 olim
1011 1196 1264 1259 vulgatum
1288 1194 1337 1242 οὗ
1358 1195 1560 1258 expulit,
1580 1213 1736 1260 aequa-

249 1263 380 1311 lesve
405 1263 507 1326 ejus
531 1262 645 1310 alias
675 1262 794 1309 tales
832 1262 1093 1324 scripturas
1129 1261 1180 1307 in
1218 1261 1451 1323 exemplis
1491 1261 1588 1308 suis
1627 1278 1736 1325 pro-

248 1335 503 1392 pagarunt,
542 1327 694 1390 qualis
718 1343 874 1390 nuper
898 1344 958 1374 ex
981 1332 1205 1378 πολιτικοῖς
1239 1326 1437 1389 cognita
1476 1333 1549 1373 est
1584 1326 1635 1373 in
1675 1326 1734 1386 φ’.

250 1403 360 1441 454.
397 1394 650 1457 θηλυτεράων
689 1409 777 1456 pro
819 1391 1134 1439 Aristarchea
1173 1392 1452 1447 τηλεδαπάων,
1488 1390 1630 1440 facile
1666 1392 1736 1439 in-

248 1459 487 1522 telligitur
512 1476 572 1506 ex
597 1458 670 1505 his
695 1458 1049 1521 speciminibUS,
1088 1473 1230 1520 quam
1254 1457 1413 1520 turpia
1446 1457 1566 1503 vitia
1588 1457 1736 1505 haese-

249 1525 349 1572 rint
371 1525 421 1570 in
447 1523 678 1587 exemplis
701 1523 844 1586 hujus
867 1523 1037 1570 aetatis.
1109 1522 1204 1569 Sed
1229 1522 1289 1569 de
1313 1522 1406 1568 illis
1442 1521 1581 1584 plura
1618 1522 1736 1570 licet

249 1590 482 1653 suspicari
506 1605 650 1652 quam
675 1589 813 1635 scire.
886 1588 1051 1643 Quum
1077 1595 1238 1634 autem
1280 1604 1360 1634 eos
1385 1603 1578 1650 quoque
1600 1587 1736 1636 locos

251 1655 472 1711 Homeri,
512 1654 590 1718 qui
618 1655 675 1701 ab
704 1653 960 1701 Herodoto
985 1661 1035 1700 et
1059 1652 1161 1700 aliis
1202 1652 1551 1715 antiquioribus
1589 1653 1736 1716 scrip-

247 1721 433 1768 toribus
478 1719 752 1774 laudantur,
796 1735 895 1765 non
933 1734 1040 1765 raro
1081 1735 1110 1765 a
1145 1718 1350 1764 librariis
1385 1717 1447 1764 ad
1485 1717 1735 1781 vulgarem

247 1785 450 1833 formam
490 1793 656 1832 textus
694 1792 904 1832 mutatos
929 1800 1031 1831 esse
1055 1800 1115 1830 ex
1139 1784 1351 1846 ipsorum
1390 1783 1613 1829 codicum
1653 1783 1736 1831 ho-

250 1851 426 1914 dieque
452 1850 752 1898 exstantibus
775 1849 930 1896 lituris
955 1857 1194 1912 appareat,
1233 1864 1375 1911 quam
1413 1847 1656 1895 diversum
1680 1848 1736 1895 il-

247 1915 347 1962 lum
389 1915 598 1963 habituri
635 1931 861 1969 essemus,
899 1914 936 1960 si
975 1930 1035 1961 ex
1075 1912 1372 1960 bibliotheca
1409 1912 1610 1975 alicujus
1652 1913 1735 1961 So-

243 1981 419 2045 phistae
454 1980 529 2028 vel
566 1979 754 2044 pulchri
796 1979 1127 2044 Euthydemib
1165 1978 1461 2042 descriptum
1497 1978 1734 2042 accipere-

248 2048 374 2094 mus!

312 2112 441 2159 Nam
481 2112 573 2159 illis
605 2111 706 2176 jam
748 2112 1048 2176 temporibus
1072 2113 1272 2176 vigente
1312 2110 1503 2158 libraria
1526 2110 1732 2173 quadam

247 2185 532 2234 mercatura,
571 2178 699 2225 haud
723 2179 870 2226 dubie
909 2177 1048 2241 copia
1088 2176 1435 2240 exemplarium
1474 2174 1569 2223 fuit
1603 2176 1734 2239 apud

245 2242 490 2290 literatum
519 2260 776 2306 quemque,
815 2244 862 2290 in
887 2243 1052 2306 primis
1089 2242 1219 2305 apud
1255 2241 1508 2305 magistros
1551 2240 1732 2288 schola-

245 2324 369 2363 rum,
408 2310 488 2371 qui
517 2317 659 2355 antea
681 2309 960 2356 memoriter
990 2308 1154 2355 omnia
1180 2307 1435 2370 praeierant
1469 2305 1731 2369 discipulis.

249 2372 383 2420 Hinc
410 2381 482 2420 est
522 2381 638 2420 nota
677 2374 748 2419 ira
772 2373 1044 2421 Alcibiadis
1085 2373 1135 2418 in
1160 2372 1405 2419 hominem
1442 2370 1570 2418 illius
1607 2371 1730 2418 ordi-

244 2438 334 2494 nis,
372 2438 502 2501 apud
526 2455 669 2501 quem
711 2456 860 2502 quum
899 2455 960 2486 ne
1001 2454 1147 2485 unam
1185 2437 1381 2500 quidem
1421 2435 1729 2499 rhapsodiam

247 2502 424 2550 Iliados
448 2504 726 2560 invenisset,
749 2504 1007 2567 colaphum
1033 2504 1076 2551 ei
1100 2503 1331 2550 inflixisse
1356 2501 1535 2548 dicitur
1553 2508 1585 2547 ⁶.
1645 2501 1731 2548 Er-

243 2584 308 2631 go
331 2569 564 2632 postulari
588 2577 690 2616 tum
715 2577 922 2632 poterat,
960 2577 1015 2616 ut
1049 2569 1099 2615 in
1141 2567 1305 2618 schola
1343 2568 1469 2618 bene
1508 2565 1732 2618 instituta

284 2709 304 2728 a
327 2698 409 2730 Ibid.
422 2702 470 2731 25.
486 2704 517 2730 et
531 2709 621 2739 praec.
637 2699 768 2730 Elencb.
785 2700 911 2739 sophist.
926 2710 958 2739 p.
976 2703 1047 2730 984.
1065 2699 1112 2734 C„
1136 2697 1189 2729 ubi
1205 2708 1231 2727 v.
1248 2697 1333 2728 Pacii
1359 2696 1537 2727 Comment.
1552 2696 1666 2736 analyt.
1687 2696 1729 2727 ad

244 2740 395 2782 Organon
411 2753 441 2782 p.
459 2745 530 2774 485.
576 2743 616 2772 In
631 2742 686 2772 ino
701 2753 764 2782 cap.
790 2743 931 2773 Poetices
946 2742 1036 2781 plura
1049 2748 1122 2772 sunt
1138 2740 1296 2771 firmandae
1311 2745 1423 2770 nostrae
1434 2739 1574 2779 opinioni
1589 2739 1628 2770 de
1649 2739 1732 2770 anti·

242 2784 359 2824 quitate
376 2785 618 2816 Homericorum
635 2786 847 2828 πςοέλημοίτωι
861 2793 893 2815 et
908 2785 1020 2816 λύσεων.

285 2829 304 2857 b
329 2827 476 2867 Xenoph.
494 2828 540 2859 M.
559 2828 589 2859 S.
607 2828 667 2858 1v.
684 2831 712 2858 2.
732 2832 757 2858 1.

281 2881 299 2900 c
322 2869 407 2901 Plut.
422 2871 457 2900 in
480 2870 582 2902 Alcib.
597 2881 626 2910 p.
645 2874 713 2902 194.
730 2870 771 2900 D.
787 2871 826 2900 cf.
844 2871 1076 2911 Apophthegm.
1092 2880 1120 2908 p.
1140 2873 1207 2900 186.
1232 2870 1275 2899 D.
1294 2868 1410 2898 AElian.
1426 2867 1470 2898 V.
1488 2867 1532 2898 H.
1550 2866 1652 2898 XIII.
1677 2870 1728 2898 38.

243 2913 298 2942 ubi
321 2924 347 2943 v.
365 2913 504 2945 Perizon.
527 2913 646 2946 collatis
670 2923 740 2957 quae
761 2923 853 2955 supra
874 2914 983 2944 monui
1008 2924 1036 2952 p.
1062 2913 1193 2944 CVIII.
1240 2912 1350 2943 Minus
1371 2910 1518 2951 ambigue
1540 2909 1626 2942 Plut.
1649 2909 1729 2943 dixit

239 2957 350 2991 βιβλίον
363 2958 520 3002 Ὁμηρικὴ
