1856 3235
614 198 926 245 ὈΜΗΡΟΥ
960 195 1127 243 ΒΙΟΣ.
1531 202 1624 247 357

137 359 206 386 τα,
243 338 314 384 Οὐ
337 334 418 397 γαρ
440 337 544 379 σῖτον
568 329 690 384 ἐ’δεσ’,
725 331 750 375 ἐ
772 328 901 374 πίνετ’
931 331 1085 374 αἴθοπα
1109 326 1216 381 οἶνον,
1243 327 1387 374 Τὲνειέ
1427 327 1637 390 ἀναίμονές

137 408 224 460 εἶσι,
258 402 334 449 καὶ
355 400 547 446 ἀθάνατοι
581 394 813 441 καλέονται.
847 392 932 440 ἐπεὶ
955 392 994 439 δὲ
1019 392 1139 439 ἐδεῖτο
1175 394 1197 446 ἡ
1235 393 1390 446 ποίησις
1412 395 1512 440 θεῶν
1546 395 1638 458 ἐνερ-

139 471 301 531 γέςντων,
325 467 388 512 ἵνα
410 463 477 517 την
501 462 658 524 γνώμην
693 461 824 506 αὐτῶν
848 460 1037 512 αι’σῧὴσει
1061 462 1135 504 τῶν
1160 458 1480 517 ἐντυγχανόντων
1503 478 1640 523 παρα-

137 537 245 597 gio-37,
269 531 481 594 περιέθηκεν
515 529 654 579 αὐτοῖς
676 527 859 588 σώματα
897 523 1006 588 (ἑδὲν
1030 523 1070 570 δὲ
1105 523 1214 569 ἄλλο
1249 524 1441 585 σώματος
1475 525 1587 581 εἶδος,
1613 527 1637 580 ἢ

138 606 190 648 τέ
213 597 403 660 ἀνθρώπε,
428 592 609 640 δεκτικόν
632 593 705 641 ἐςιν
724 592 918 654 έπιςὴμης
939 589 1015 637 καὶ
1036 589 1167 650 λόγε)
1194 590 1461 653 προςεικάσας
1494 590 1636 640 ἕκαςον

139 671 212 712 τῶν
247 666 346 710 θεῶν
379 658 490 723 μετοὶ
525 663 577 705 τέ
610 661 817 720 κοσμῆσαι
851 657 1010 720 μεγέθει
1045 674 1102 711 τε,
1137 654 1213 701 καὶ
1246 655 1405 701 κάλλει.
1441 655 1539 717 ἅμα
1562 656 1639 703 καὶ

137 735 235 777 τέτο
269 726 443 780 ὑπέδειξε
466 724 528 780 τό,
564 724 717 776 εἰκόνας
749 722 825 769 καὶ
858 723 1102 785 ἀγάλματα
1138 724 1253 776 θεῶν,
1286 718 1399 783 μετοὶ
1421 724 1474 766 et}
1496 722 1547 773 εἰς
1570 722 1637 767 ἀν-

138 796 290 859 θρώπων
314 792 411 844 εἶδος
433 790 690 855 ἡκριβωμένα
715 789 906 852 ἱδρῦσθαι
930 788 1027 852 ὑπὲρ
1045 792 1099 834 er}
1121 787 1308 850 παρέχειν
1327 785 1545 848 ὑπόμνησιν
1562 787 1638 834 καὶ

136 865 217 912 τοῖς
240 859 410 906 ἐ’λασσον
434 861 622 920 φρονέσιν,
647 853 708 901 ὅτι
733 853 806 901 εἰσὶ
838 854 939 901 θεοί.
963 854 1090 900 τὲτων
1115 852 1154 899 δὲ
1179 854 1338 899 πάντων
1362 850 1540 915 ἀρχηγὸν
1563 853 1638 899 καὶ

135 924 315 988 ἡγεμόνα
348 921 415 970 τὸν
452 926 602 985 πρῶτον
626 918 717 968 θεὸν
752 919 981 983 νομιζόντων
1015 924 1090 966 τῶν
1114 919 1250 983 ἀρίςων
1285 917 1508 977 φιλοσόφων
1532 918 1637 964 ἀσώ-

137 1009 270 1056 ματον
293 989 403 1044 ὅντα,
427 987 503 1035 καὶ
530 988 650 1042 νοὴσει
683 987 844 1049 μᾶλλον
869 984 1154 1040 καταληπτόν,
1189 983 1265 1031 καὶ
1280 985 1471 1047 “Ομηρος
1493 988 1638 1031 ταῦτα

137 1056 446 1119 ὑπολαμβάνων
478 1054 680 1113 φαίνεται,
703 1053 799 1116 παρ’
828 1050 861 1114 ᾧ
881 1052 1051 1113 λέγεται
1076 1051 1097 1097 ὁ
1122 1049 1225 1103 Ζεὺς
1258 1049 1394 1113 πατὴρ
1427 1048 1569 1113 ἀνδρῶν
1592 1069 1639 1097 τε

138 1126 238 1171 θεῶν
272 1140 327 1169 τε.
350 1120 438 1176 καὶ,
465 1119 541 1166 ΤΩ
570 1120 700 1182 πάτερ
733 1118 892 1182 ἡμέτερε
930 1118 1110 1182 Κρονίδη,
1145 1116 1283 1164 ὕπατε
1316 1115 1527 1179 κρειόντων,
1561 1116 1640 1163 καὶ

139 1187 265 1241 αὐτὸς
287 1186 357 1250 μὲν
382 1186 402 1232 ὁ
428 1185 529 1238 Ζεύς
552 1197 677 1245 φησιν,
695 1185 854 1230 ”Οσσον
880 1183 960 1244 ἐγώ
981 1184 1073 1247 περί
1090 1183 1127 1229 τ’
1156 1181 1238 1245 εἰμὶ
1252 1184 1365 1237 θεῶν,
1385 1182 1478 1246 περί
1495 1183 1531 1228 τ’
1555 1182 1633 1244 εἰμ’

139 1255 354 1318 ἀνθρώπων.
378 1253 401 1306 ἡ
425 1251 465 1298 δὲ
505 1252 666 1305 Ἀθηνᾶ
689 1248 785 1314 πρὸς
819 1250 952 1296 αὐτόν.
990 1249 1055 1296 Εὖ
1079 1269 1121 1296 νυ
1144 1247 1220 1295 καὶ
1242 1250 1353 1310 ἡμεῖς
1385 1248 1495 1310 ἴδμεν
1518 1246 1541 1293 ὅ
1572 1267 1636 1295 τοι

140 1321 280 1372 σθένος
303 1321 355 1366 ἐκ
389 1317 595 1365 ἐπιεικτόν.
620 1318 652 1364 ει’
675 1316 714 1363 δὲ
739 1316 800 1362 δεῖ
815 1320 914 1363 τέτο
950 1317 1118 1377 ζητῆσαι
1153 1316 1185 1361 εἰ
1207 1312 1336 1368 νοητὸν
1370 1314 1546 1367 ἡπίςατο
1570 1312 1637 1361 τὸν

140 1384 248 1441 Salv,
272 1387 325 1432 ἐκ
343 1384 528 1448 οἵντικρυς
550 1382 634 1446 μὲν,
654 1382 730 1429 ἅτε
752 1383 789 1428 ἐν
806 1383 959 1436 ποιησει
978 1380 1086 1428 πολι)
1104 1379 1152 1427 τὸ
1174 1380 1350 1443 μυθῶδες
1374 1380 1511 1443 έχὲση,
1531 1379 1638 1443 ὅμως

141 1452 183 1499 δέ
207 1453 260 1501 ἐςι
283 1453 554 1512 καταμαθεῖν,
580 1450 615 1496 ἐν
638 1448 693 1501 οἷς
716 1448 840 1506 φησίν.
911 1445 1032 1512 Εὗρεν
1056 1447 1094 1493 δ’
1124 1446 1299 1511 εὐρύοπα
1338 1446 1520 1508 Κρονίδην
1543 1446 1639 1511 οἵτερ

141 1519 277 1581 ἥμενον
311 1516 458 1562 ἄλλων·
479 1514 613 1562 καὶέν
637 1514 692 1567 οἷς
715 1512 840 1567 αὐτὸς
872 1513 996 1573 λέγει,
1020 1513 1152 1559 Ἀλλ’
1180 1512 1264 1566 ἤτοι
1298 1510 1370 1574 μὲν
1405 1512 1484 1572 ἑγσᾶ
1516 1513 1638 1575 μενέω

142 1585 288 1646 πτυχῇ
306 1582 511 1644 ἐλυμποιο
528 1581 726 1643 ”Ημενος,
751 1579 831 1626 ἕνθ’
871 1579 980 1643 ὁρόων
1004 1579 1122 1643 φρένα
1155 1578 1379 1642 τέρψομαι.
1414 1580 1437 1632 ἡ
1461 1576 1542 1642 γοὶρ
1565 1578 1642 1641 μό-

144 1666 253 1701 νωσις
286 1647 406 1703 αὕτη,
440 1645 516 1693 καὶ
548 1644 597 1692 τό
629 1645 688 1709 μὴ
720 1645 1015 1707 καταμιγνὺειν
1049 1650 1132 1697 τοῖς
1164 1644 1308 1696 ἄλλοις
1342 1645 1450 1695 θεοῖς
1485 1643 1643 1700 ἑαυτὸν,

145 1712 262 1762 ἀλλα
283 1713 436 1776 χαίρειν
459 1712 591 1774 ἑαυτῷ
626 1710 793 1758 συνόντα
826 1709 902 1757 καὶ
924 1712 1134 1774 χρώμενον,
1169 1709 1343 1769 ἡσυχίαν
1376 1709 1532 1769 ἄγοντι,
1568 1709 1645 1756 καὶ

146 1780 210 1828 ἀεὶ
226 1781 497 1841 -διακοσμέντι
521 1776 578 1824 τοὶ
602 1778 757 1832 πάντα,
782 1775 850 1830 τὴν
873 1780 925 1823 τῖς
949 1781 1062 1830 νοητέ
1085 1779 1162 1824 Se}
1185 1775 1300 1834 φῦσιν
1323 1775 1540 1838 παρίςησιν.
1565 1776 1644 1823 οἶδε

146 1845 201 1902 δὲ,
225 1845 287 1892 ὅτι
322 1849 385 1898 neg
418 1846 491 1894 έςιν
518 1842 654 1896 ὁῧεὸς
688 1843 872 1889 ὁποίντα
907 1843 1155 1904 ἐπιςοίμενος,
1189 1840 1266 1887 καὶ
1299 1840 1438 1887 διέπων
1472 1840 1521 1888 τδ
1544 1842 1641 1888 πᾶν.

147 1911 242 1971 φησὶ
277 1909 359 1975 γοὶρ
383 1910 404 1956 ὁ
428 1909 640 1964 Ποσειδῶν,
668 1907 740 1955 ςΗ
778 1905 863 1971 μοὶν
903 1907 1181 1971 ἀμφοτέροισιν
1216 1905 1311 1969 ὁμὸν
1347 1906 1457 1967 γένος
1495 1907 1560 1960 ἡδέ
1597 1925 1644 1954 τε

147 1980 301 2042 πάτρη,
323 1974 476 2024 Ἀλλὰ
503 1974 604 2027 Ζεῦς
621 1973 805 2039 πρότερος
828 1973 998 2034 γέγονεν,
1033 1973 1108 2020 καὶ
1132 1973 1298 2020 πλείονα
1322 1973 1421 2020 εἴδει.
1443 1972 1519 2020 καὶ
1541 1977 1642 2020 τέτο

149 2135 223 2166 Diis
239 2134 368 2165 minime
382 2134 503 2171 ociosis,
518 2140 556 2165 ut
573 2133 759 2165 sententiam
776 2143 885 2164 eorum
900 2132 1101 2164 sensibilitate
1116 2130 1367 2172 contingentium
1379 2139 1486 2160 rerum
1501 2138 1642 2169 expone-

150 2185 206 2215 ret,
222 2178 266 2208 eis
280 2188 408 2217 corpora
423 2177 571 2209 attribuit.
617 2178 725 2214 Quum
742 2187 814 2207 vero
829 2176 918 2207 nulla
934 2176 995 2206 alia
1017 2175 1153 2215 corporis
1174 2174 1283 2208 forma,
1306 2179 1514 2213 praeterquam
1536 2172 1641 2202 homi-

151 2223 208 2257 nis,
225 2221 361 2252 scientiae
376 2231 411 2251 ac
425 2221 574 2252 orationis
588 2230 684 2260 capax
699 2221 746 2255 sit,
763 2220 845 2250 facta
859 2219 1105 2260 uniuscujusque
1120 2218 1251 2248 deorum
1268 2216 1483 2251 similitudine,
1499 2225 1573 2246 cum
1588 2225 1640 2245 or-

152 2271 240 2300 natu,
251 2263 478 2305 magnitudine,
496 2274 532 2294 ac
547 2264 711 2304 elegantia,
729 2263 824 2293 simul
850 2269 881 2293 et
906 2263 965 2293 hoc
989 2261 1204 2297 subindicavit,
1227 2270 1291 2301 quo
1316 2265 1407 2299 pacto
1431 2258 1586 2299 imagines
1611 2264 1643 2289 et

151 2313 261 2338 statuae
276 2306 408 2338 deorum
423 2307 462 2338 ad
477 2307 642 2337 hominum
658 2306 796 2347 effigiem
810 2306 888 2336 adeo
902 2312 1045 2336 accurate
1061 2304 1239 2335 fabrefactae
1263 2308 1462 2342 ponerentur,
1479 2308 1515 2332 ut
1542 2301 1642 2341 speci-

149 2361 225 2381 men
241 2350 279 2381 de
293 2361 326 2380 se
340 2349 451 2381 darent
465 2349 569 2380 minus
580 2349 792 2388 prudentibus,
808 2349 893 2390 quod
907 2355 1010 2380 essent
1022 2348 1088 2378 Dii.
1131 2348 1289 2378 Caeterum
1305 2356 1380 2377 cum
1395 2344 1644 2385 praestantissimi

151 2394 268 2435 quique
283 2393 538 2432 philosophorum
554 2393 740 2432 primarium
754 2392 845 2422 illum
862 2393 978 2427 Deum,
995 2391 1107 2422 ducem
1131 2397 1162 2421 et
1178 2390 1351 2429 principem
1367 2389 1521 2424 omnium,
1538 2388 1644 2418 incor-

150 2446 281 2477 poreum
296 2446 369 2471 esse,
387 2447 423 2466 ac
437 2435 625 2476 cogitatione
649 2435 802 2466 duntaxat
824 2434 1138 2474 comprehensibilem
1159 2433 1359 2468 arbitrentur,
1385 2432 1547 2462 Homerus
1562 2440 1642 2471 quo-

151 2489 212 2520 que
227 2480 296 2510 haec
318 2478 443 2510 credere
457 2479 587 2513 videtur,
605 2479 690 2518 apud
707 2488 802 2518 quem
816 2478 941 2517 Jupiter
957 2477 1130 2518 appellatur
1146 2479 1240 2508 Pater·
1255 2478 1470 2515 hominumque
1484 2477 1644 2513 deumque.

152 2524 274 2563 Jupiter
288 2534 304 2553 ο
319 2529 418 2553 noster
436 2529 526 2562 paler
541 2523 659 2562 optime,
682 2532 795 2553 summe
817 2527 982 2561 regentum.
1029 2521 1101 2551 Imo
1116 2526 1147 2551 et
1162 2520 1228 2559 ipse
1241 2519 1368 2559 Jupiter
1390 2518 1507 2558 inquit:
1539 2519 1645 2552 Quan-

152 2572 217 2597 tum
232 2577 284 2605 ego
299 2567 374 2596 Diis
388 2567 506 2605 superis
522 2571 643 2605 praesto,
667 2565 843 2595 mortalibus
857 2570 957 2604 atque.
1003 2564 1148 2594 Minerva
1163 2563 1298 2603 denique
1320 2561 1359 2592 ad
1375 2571 1464 2591 eum:
1493 2562 1560 2591 IVos
1575 2561 1648 2590 bene

155 2610 306 2644 callemus,
322 2620 414 2649 quam
430 2611 469 2639 sit
484 2614 537 2639 tua
552 2619 663 2647 magna
676 2613 816 2647 potestas.
862 2607 895 2637 Si
910 2617 982 2637 vero
998 2613 1029 2637 et
1043 2608 1102 2638 hoc
1116 2616 1254 2647 quaerere
1269 2610 1400 2645 oportet,
1416 2614 1455 2634 an
1475 2604 1581 2634 Deum
1597 2602 1647 2632 in.

154 2651 349 2692 telligibilem
365 2661 430 2681 esse
445 2650 573 2685 sciverit,
591 2661 656 2681 non
671 2650 785 2681 diserte
799 2650 926 2690 quidem
941 2656 1049 2689 utpote
1063 2650 1096 2680 in
1111 2650 1206 2688 po'e‘si,
1229 2659 1300 2689 quae
1316 2648 1416 2678 multa
1432 2647 1574 2677 fabulosa
1588 2645 1645 2675 ad-

151 2694 249 2725 mixta
259 2695 351 2724 habet
361 2700 497 2725 attamen
510 2704 547 2725 ex
559 2694 598 2724 iis
607 2694 754 2734 colligere
765 2693 844 2728 licet,
857 2693 888 2722 in
901 2694 1015 2733 quibus
1025 2693 1081 2724 ait:
1099 2695 1278 2732 Invenicque
1288 2694 1400 2726 Jovem,
1412 2692 1467 2731 qui
1478 2691 1555 2719 solus
1561 2688 1650 2728 forte

153 2738 280 2769 sedebat.
326 2738 369 2768 Et
382 2738 415 2767 in
429 2737 543 2778 quibus
559 2737 624 2776 ipse
638 2737 699 2767 aitz
724 2738 782 2767 Ast
795 2747 847 2776 ego
859 2743 950 2776 parte
964 2739 1067 2767 sedens
1082 2738 1157 2771 coeli‚
1171 2737 1299 2767 delector
1314 2736 1443 2765 abunde.
1482 2731 1542 2762 Illa
1557 2741 1650 2761 nam-

154 2790 215 2821 que
230 2779 376 2817 solitudo‚
399 2787 431 2810 et
444 2780 528 2821 quod
543 2780 610 2810 aliis
627 2780 698 2810 Diis
713 2790 745 2810 se
761 2789 822 2809 non
840 2779 1053 2819 conjungeret,
1077 2779 1131 2809 sed
1146 2778 1347 2817 semetipsum
1364 2776 1538 2810 oblectaret,
1562 2784 1650 2804 com-

155 2823 251 2854 modo
266 2823 334 2853 ocio
349 2823 511 2859 frueretur,
529 2834 564 2854 ac
580 2833 701 2861 semper
722 2822 830 2853 omnia
851 2822 1049 2862 dispensaret,
1072 2821 1279 2862 intelligibilis
1296 2820 1357 2851 Dei
1374 2825 1519 2849 naturam
1537 2827 1601 2857 prae
1616 2827 1651 2847 se

153 2865 225 2896 fert.
261 2865 357 2896 Novit
371 2872 520 2905 praeterea
533 2866 617 2907 quod
629 2866 718 2896 Deus
732 2875 821 2896 mens
836 2871 889 2901 est,
903 2876 974 2905 quae
988 2873 1101 2896 cuncta
1115 2866 1182 2903 scit,
1199 2871 1230 2895 et
1241 2869 1353 2895 cuncta
1366 2863 1529 2903 gubernat.
1563 2860 1653 2900 Nep-

154 2914 252 2941 tunus
265 2918 401 2951 namque
416 2909 527 2951 lnquit,
557 2911 614 2942 Est
626 2912 747 2950 patria,
758 2915 801 2941 est
815 2911 932 2952 aeqzcale
944 2920 1040 2950 genus
1044 2909 1207 2951 fratrique
1222 2909 1365 2948 milvique,
1381 2906 1506 2947 Jupiter
1517 2910 1548 2935 αι
1561 2905 1650 2946 prior
