<?xml version="1.0" encoding="UTF-8"?>
<!DOCTYPE html PUBLIC "-//W3C//DTD XHTML 1.0 Transitional//EN"
    "http://www.w3.org/TR/xhtml1/DTD/xhtml1-transitional.dtd">
<html xmlns="http://www.w3.org/1999/xhtml" xml:lang="en" lang="en">
 <head>
  <title>
</title>
<meta http-equiv="Content-Type" content="text/html;charset=utf-8" />
  <meta name='ocr-system' content='tesseract 3.04.00' />
  <meta name='ocr-capabilities' content='ocr_page ocr_carea ocr_par ocr_line ocrx_word'/>
</head>
<body>
  <div class='ocr_page' id='page_1' title='image "./operaomnia05home/operaomnia05home_0224.png"; bbox 0 0 1856 3235; ppageno 0'>
   <div class='ocr_carea' id='block_1_1' title="bbox 198 172 1223 225">
    <p class='ocr_par' dir='ltr' id='par_1_1' title="bbox 198 172 1223 225">
     <span class='ocr_line' id='line_1_1' title="bbox 198 172 1223 225; baseline -0.005 0"><span class='ocrx_word' id='word_1_1' title='bbox 198 186 297 225; x_wconf 77' lang='lat'>200</span> <span class='ocrx_word' id='word_1_2' title='bbox 659 172 1223 223; x_wconf 85' lang='lat' dir='ltr'>PROLEGOMENA.</span> 
     </span>
    </p>
   </div>
   <div class='ocr_carea' id='block_1_2' title="bbox 166 303 1696 2346">
    <p class='ocr_par' dir='ltr' id='par_1_2' title="bbox 193 303 1696 766">
     <span class='ocr_line' id='line_1_2' title="bbox 197 303 1694 371; baseline 0 -16"><span class='ocrx_word' id='word_1_3' title='bbox 197 308 373 371; x_wconf 85' lang='lat' dir='ltr'><strong>Neque</strong></span> <span class='ocrx_word' id='word_1_4' title='bbox 413 305 598 354; x_wconf 87' lang='lat' dir='ltr'>militiae</span> <span class='ocrx_word' id='word_1_5' title='bbox 637 322 798 371; x_wconf 90' lang='lat' dir='ltr'>neque</span> <span class='ocrx_word' id='word_1_6' title='bbox 849 305 981 353; x_wconf 91' lang='lat' dir='ltr'>domi</span> <span class='ocrx_word' id='word_1_7' title='bbox 1021 306 1248 353; x_wconf 88' lang='lat' dir='ltr'>usitatam</span> <span class='ocrx_word' id='word_1_8' title='bbox 1284 303 1511 353; x_wconf 85' lang='lat' dir='ltr'>heroibus</span> <span class='ocrx_word' id='word_1_9' title='bbox 1546 305 1694 356; x_wconf 85' lang='lat' dir='ltr'>fuisse</span> 
     </span>
     <span class='ocr_line' id='line_1_3' title="bbox 198 370 1694 436; baseline -0.001 -15"><span class='ocrx_word' id='word_1_10' title='bbox 198 373 565 436; x_wconf 81' lang='lat' dir='ltr'>equitationem,</span> <span class='ocrx_word' id='word_1_11' title='bbox 591 379 797 436; x_wconf 90' lang='lat' dir='ltr'>utraque</span> <span class='ocrx_word' id='word_1_12' title='bbox 831 372 990 436; x_wconf 70' lang='lat' dir='ltr'>poesis</span> <span class='ocrx_word' id='word_1_13' title='bbox 1026 371 1154 419; x_wconf 91' lang='lat' dir='ltr'>clare</span> <span class='ocrx_word' id='word_1_14' title='bbox 1188 370 1425 434; x_wconf 89' lang='lat' dir='ltr'>loquitur:</span> <span class='ocrx_word' id='word_1_15' title='bbox 1464 387 1576 419; x_wconf 87' lang='lat' dir='ltr'>nam</span> <span class='ocrx_word' id='word_1_16' title='bbox 1610 389 1694 420; x_wconf 91' lang='lat' dir='ltr'>ne-</span> 
     </span>
     <span class='ocr_line' id='line_1_4' title="bbox 197 436 1693 503; baseline 0 -18"><span class='ocrx_word' id='word_1_17' title='bbox 197 439 432 503; x_wconf 82' lang='lat' dir='ltr'>gligenda</span> <span class='ocrx_word' id='word_1_18' title='bbox 470 438 609 486; x_wconf 93' lang='lat' dir='ltr'>nobis</span> <span class='ocrx_word' id='word_1_19' title='bbox 634 446 708 486; x_wconf 91' lang='lat' dir='ltr'>est</span> <span class='ocrx_word' id='word_1_20' title='bbox 749 437 1012 485; x_wconf 86' lang='lat' dir='ltr'>auctoritas</span> <span class='ocrx_word' id='word_1_21' title='bbox 1036 436 1180 483; x_wconf 89' lang='lat' dir='ltr'>unius</span> <span class='ocrx_word' id='word_1_22' title='bbox 1221 436 1470 500; x_wconf 89' lang='lat' dir='ltr'>cujusdam</span> <span class='ocrx_word' id='word_1_23' title='bbox 1495 436 1592 485; x_wconf 93' lang='lat' dir='ltr'>loci</span> <span class='ocrx_word' id='word_1_24' title='bbox 1638 437 1693 486; x_wconf 90' lang='lat'>11.</span> 
     </span>
     <span class='ocr_line' id='line_1_5' title="bbox 194 501 1696 569; baseline 0 -18"><span class='ocrx_word' id='word_1_25' title='bbox 194 504 251 552; x_wconf 78' lang='grc' dir='ltr'>κ’.</span> <span class='ocrx_word' id='word_1_26' title='bbox 278 512 388 552; x_wconf 84' lang='grc'><strong>513.</strong></span> <span class='ocrx_word' id='word_1_27' title='bbox 411 521 511 569; x_wconf 90' lang='lat' dir='ltr'><strong>sqq.</strong></span> <span class='ocrx_word' id='word_1_28' title='bbox 539 503 755 568; x_wconf 76' lang='lat' dir='ltr'>plumbus</span> <span class='ocrx_word' id='word_1_29' title='bbox 781 503 841 550; x_wconf 91' lang='lat' dir='ltr'>de</span> <span class='ocrx_word' id='word_1_30' title='bbox 867 502 1045 550; x_wconf 86' lang='lat' dir='ltr'>causis:</span> <span class='ocrx_word' id='word_1_31' title='bbox 1084 502 1170 549; x_wconf 88' lang='lat' dir='ltr'>sed</span> <span class='ocrx_word' id='word_1_32' title='bbox 1186 502 1453 550; x_wconf 81' lang='lat' dir='ltr'>inauditam</span> <span class='ocrx_word' id='word_1_33' title='bbox 1473 501 1696 552; x_wconf 86' lang='lat' dir='ltr'>Homero</span> 
     </span>
     <span class='ocr_line' id='line_1_6' title="bbox 197 566 1690 619; baseline 0.001 -3"><span class='ocrx_word' id='word_1_34' title='bbox 197 586 302 618; x_wconf 91' lang='lat' dir='ltr'>rem</span> <span class='ocrx_word' id='word_1_35' title='bbox 326 571 479 619; x_wconf 92' lang='lat' dir='ltr'>videri</span> <span class='ocrx_word' id='word_1_36' title='bbox 492 570 641 617; x_wconf 89' lang='lat' dir='ltr'>fuisse</span> <span class='ocrx_word' id='word_1_37' title='bbox 665 569 864 616; x_wconf 89' lang='lat' dir='ltr'>minime</span> <span class='ocrx_word' id='word_1_38' title='bbox 883 568 1049 615; x_wconf 90' lang='lat' dir='ltr'>sinunt</span> <span class='ocrx_word' id='word_1_39' title='bbox 1068 566 1409 616; x_wconf 88' lang='lat' dir='ltr'>similitudines</span> <span class='ocrx_word' id='word_1_40' title='bbox 1431 567 1489 615; x_wconf 86' lang='grc'>11.</span> <span class='ocrx_word' id='word_1_41' title='bbox 1510 567 1558 616; x_wconf 84' lang='lat' dir='ltr'>o&#39;.</span> <span class='ocrx_word' id='word_1_42' title='bbox 1577 575 1690 619; x_wconf 82' lang='lat'>679.</span> 
     </span>
     <span class='ocr_line' id='line_1_7' title="bbox 196 631 1691 701; baseline -0.001 -18"><span class='ocrx_word' id='word_1_43' title='bbox 196 652 294 700; x_wconf 84' lang='lat' dir='ltr'>sqq.</span> <span class='ocrx_word' id='word_1_44' title='bbox 319 644 368 684; x_wconf 92' lang='lat' dir='ltr'>et</span> <span class='ocrx_word' id='word_1_45' title='bbox 393 636 565 701; x_wconf 89' lang='lat' dir='ltr'>Odyss.</span> <span class='ocrx_word' id='word_1_46' title='bbox 589 634 634 682; x_wconf 79' lang='grc' dir='ltr'>ε’.</span> <span class='ocrx_word' id='word_1_47' title='bbox 663 641 772 685; x_wconf 83' lang='lat'>371.</span> <span class='ocrx_word' id='word_1_48' title='bbox 843 633 971 681; x_wconf 91' lang='lat' dir='ltr'>Usus</span> <span class='ocrx_word' id='word_1_49' title='bbox 995 649 1101 679; x_wconf 88' lang='lat' dir='ltr'>sum</span> <span class='ocrx_word' id='word_1_50' title='bbox 1126 631 1199 679; x_wconf 88' lang='lat' dir='ltr'>his</span> <span class='ocrx_word' id='word_1_51' title='bbox 1235 633 1468 696; x_wconf 88' lang='lat' dir='ltr'>exemplis</span> <span class='ocrx_word' id='word_1_52' title='bbox 1502 634 1691 697; x_wconf 89' lang='lat' dir='ltr'>potissi-</span> 
     </span>
     <span class='ocr_line' id='line_1_8' title="bbox 193 697 1692 766; baseline -0.001 -17"><span class='ocrx_word' id='word_1_53' title='bbox 193 718 342 760; x_wconf 91' lang='lat' dir='ltr'>mum,</span> <span class='ocrx_word' id='word_1_54' title='bbox 370 702 485 766; x_wconf 89' lang='lat' dir='ltr'>quia</span> <span class='ocrx_word' id='word_1_55' title='bbox 519 700 794 748; x_wconf 78' lang='lat' dir='ltr'>luculenter</span> <span class='ocrx_word' id='word_1_56' title='bbox 818 698 1100 753; x_wconf 88' lang='lat' dir='ltr'>ostendunt,</span> <span class='ocrx_word' id='word_1_57' title='bbox 1141 697 1259 761; x_wconf 92' lang='lat' dir='ltr'>quid</span> <span class='ocrx_word' id='word_1_58' title='bbox 1282 698 1410 745; x_wconf 89' lang='lat' dir='ltr'>inter</span> <span class='ocrx_word' id='word_1_59' title='bbox 1446 699 1617 763; x_wconf 87' lang='lat' dir='ltr'>ignota</span> <span class='ocrx_word' id='word_1_60' title='bbox 1640 708 1692 748; x_wconf 89' lang='lat' dir='ltr'>et</span> 
     </span>
    </p>

    <p class='ocr_par' dir='ltr' id='par_1_3' title="bbox 166 763 1696 1276">
     <span class='ocr_line' id='line_1_9' title="bbox 166 763 1694 832; baseline -0.001 -17"><span class='ocrx_word' id='word_1_61' title='bbox 166 767 344 832; x_wconf 61' lang='lat' dir='ltr'>=vulgo</span> <span class='ocrx_word' id='word_1_62' title='bbox 384 768 561 815; x_wconf 89' lang='lat' dir='ltr'>usitata</span> <span class='ocrx_word' id='word_1_63' title='bbox 598 766 805 822; x_wconf 88' lang='lat' dir='ltr'>intersit,</span> <span class='ocrx_word' id='word_1_64' title='bbox 847 773 897 812; x_wconf 90' lang='lat' dir='ltr'>et</span> <span class='ocrx_word' id='word_1_65' title='bbox 923 781 1067 828; x_wconf 91' lang='lat' dir='ltr'>quam</span> <span class='ocrx_word' id='word_1_66' title='bbox 1105 763 1410 811; x_wconf 86' lang='lat' dir='ltr'>considerate</span> <span class='ocrx_word' id='word_1_67' title='bbox 1452 775 1694 828; x_wconf 84' lang='lat' dir='ltr'>cauteque</span> 
     </span>
     <span class='ocr_line' id='line_1_10' title="bbox 196 829 1694 898; baseline -0.002 -17"><span class='ocrx_word' id='word_1_68' title='bbox 196 833 575 898; x_wconf 83' lang='lat' dir='ltr'>conjectandum</span> <span class='ocrx_word' id='word_1_69' title='bbox 600 832 662 879; x_wconf 89' lang='lat' dir='ltr'>sit</span> <span class='ocrx_word' id='word_1_70' title='bbox 688 832 749 880; x_wconf 91' lang='lat' dir='ltr'>de</span> <span class='ocrx_word' id='word_1_71' title='bbox 774 831 1038 895; x_wconf 87' lang='lat' dir='ltr'>primarum</span> <span class='ocrx_word' id='word_1_72' title='bbox 1062 829 1403 877; x_wconf 88' lang='lat' dir='ltr'>inventionum</span> <span class='ocrx_word' id='word_1_73' title='bbox 1429 838 1478 876; x_wconf 91' lang='lat' dir='ltr'>et</span> <span class='ocrx_word' id='word_1_74' title='bbox 1503 847 1694 878; x_wconf 90' lang='lat' dir='ltr'>morum</span> 
     </span>
     <span class='ocr_line' id='line_1_11' title="bbox 195 894 1695 962; baseline -0.002 -15"><span class='ocrx_word' id='word_1_75' title='bbox 195 900 514 948; x_wconf 86' lang='lat' dir='ltr'>successibus.</span> <span class='ocrx_word' id='word_1_76' title='bbox 586 898 741 962; x_wconf 85' lang='lat' dir='ltr'>Finge</span> <span class='ocrx_word' id='word_1_77' title='bbox 782 898 932 962; x_wconf 86' lang='lat' dir='ltr'>igitur</span> <span class='ocrx_word' id='word_1_78' title='bbox 969 903 1129 944; x_wconf 89' lang='lat' dir='ltr'>vatem</span> <span class='ocrx_word' id='word_1_79' title='bbox 1172 895 1349 943; x_wconf 89' lang='lat' dir='ltr'>alicubi</span> <span class='ocrx_word' id='word_1_80' title='bbox 1389 894 1449 942; x_wconf 91' lang='lat' dir='ltr'>de</span> <span class='ocrx_word' id='word_1_81' title='bbox 1488 895 1695 944; x_wconf 85' lang='lat' dir='ltr'>invento</span> 
     </span>
     <span class='ocr_line' id='line_1_12' title="bbox 196 960 1696 1017; baseline -0.001 -5"><span class='ocrx_word' id='word_1_82' title='bbox 196 965 369 1013; x_wconf 90' lang='lat' dir='ltr'>Cadmi</span> <span class='ocrx_word' id='word_1_83' title='bbox 395 982 480 1012; x_wconf 90' lang='lat' dir='ltr'>seu</span> <span class='ocrx_word' id='word_1_84' title='bbox 511 964 780 1012; x_wconf 88' lang='lat' dir='ltr'>Palamedis</span> <span class='ocrx_word' id='word_1_85' title='bbox 822 963 1001 1010; x_wconf 84' lang='lat' dir='ltr'>diserte</span> <span class='ocrx_word' id='word_1_86' title='bbox 1025 961 1262 1017; x_wconf 89' lang='lat' dir='ltr'>locutum,</span> <span class='ocrx_word' id='word_1_87' title='bbox 1290 960 1366 1009; x_wconf 91' lang='lat' dir='ltr'>vel</span> <span class='ocrx_word' id='word_1_88' title='bbox 1403 962 1696 1010; x_wconf 87' lang='lat' dir='ltr'>commercia</span> 
     </span>
     <span class='ocr_line' id='line_1_13' title="bbox 196 1026 1696 1095; baseline -0.001 -17"><span class='ocrx_word' id='word_1_89' title='bbox 196 1030 523 1095; x_wconf 86' lang='lat' dir='ltr'>epistolarum,</span> <span class='ocrx_word' id='word_1_90' title='bbox 545 1029 770 1094; x_wconf 89' lang='lat' dir='ltr'>primum,</span> <span class='ocrx_word' id='word_1_91' title='bbox 797 1036 853 1076; x_wconf 91' lang='lat' dir='ltr'>ut</span> <span class='ocrx_word' id='word_1_92' title='bbox 869 1028 1111 1091; x_wconf 89' lang='lat' dir='ltr'>plerisque</span> <span class='ocrx_word' id='word_1_93' title='bbox 1131 1027 1343 1083; x_wconf 90' lang='lat' dir='ltr'>videtur,</span> <span class='ocrx_word' id='word_1_94' title='bbox 1362 1026 1696 1076; x_wconf 87' lang='lat' dir='ltr'>rudimentum</span> 
     </span>
     <span class='ocr_line' id='line_1_14' title="bbox 195 1093 1695 1158; baseline -0.003 -14"><span class='ocrx_word' id='word_1_95' title='bbox 195 1096 454 1153; x_wconf 87' lang='lat' dir='ltr'>scribendi,</span> <span class='ocrx_word' id='word_1_96' title='bbox 482 1104 714 1158; x_wconf 87' lang='lat' dir='ltr'>tanquam</span> <span class='ocrx_word' id='word_1_97' title='bbox 737 1093 986 1157; x_wconf 82' lang='lat' dir='ltr'>vulgatam</span> <span class='ocrx_word' id='word_1_98' title='bbox 1010 1110 1113 1140; x_wconf 88' lang='lat' dir='ltr'>rem</span> <span class='ocrx_word' id='word_1_99' title='bbox 1151 1101 1384 1140; x_wconf 88' lang='lat' dir='ltr'>testatum</span> <span class='ocrx_word' id='word_1_100' title='bbox 1410 1109 1537 1140; x_wconf 90' lang='lat' dir='ltr'>esse:</span> <span class='ocrx_word' id='word_1_101' title='bbox 1575 1109 1695 1140; x_wconf 90' lang='lat' dir='ltr'>num</span> 
     </span>
     <span class='ocr_line' id='line_1_15' title="bbox 195 1157 1694 1224; baseline -0.003 -14"><span class='ocrx_word' id='word_1_102' title='bbox 195 1179 255 1210; x_wconf 83' lang='lat' dir='ltr'>ex</span> <span class='ocrx_word' id='word_1_103' title='bbox 281 1179 340 1210; x_wconf 90' lang='lat' dir='ltr'>eo</span> <span class='ocrx_word' id='word_1_104' title='bbox 364 1163 478 1209; x_wconf 86' lang='lat' dir='ltr'>satis</span> <span class='ocrx_word' id='word_1_105' title='bbox 503 1168 747 1224; x_wconf 87' lang='lat' dir='ltr'>appareat,</span> <span class='ocrx_word' id='word_1_106' title='bbox 774 1160 921 1207; x_wconf 89' lang='lat' dir='ltr'>etiam</span> <span class='ocrx_word' id='word_1_107' title='bbox 956 1158 1206 1207; x_wconf 88' lang='lat' dir='ltr'>volumina</span> <span class='ocrx_word' id='word_1_108' title='bbox 1230 1158 1514 1206; x_wconf 84' lang='lat' dir='ltr'>Carminum</span> <span class='ocrx_word' id='word_1_109' title='bbox 1549 1157 1694 1207; x_wconf 89' lang='lat' dir='ltr'>scribi</span> 
     </span>
     <span class='ocr_line' id='line_1_16' title="bbox 193 1227 544 1276; baseline -0.009 0"><span class='ocrx_word' id='word_1_110' title='bbox 193 1228 339 1276; x_wconf 88' lang='lat' dir='ltr'>moris</span> <span class='ocrx_word' id='word_1_111' title='bbox 363 1227 544 1274; x_wconf 81' lang='lat' dir='ltr'>fuisse?</span> 
     </span>
    </p>

    <p class='ocr_par' dir='ltr' id='par_1_4' title="bbox 188 1287 1696 2346">
     <span class='ocr_line' id='line_1_17' title="bbox 259 1287 1696 1356; baseline -0.002 -15"><span class='ocrx_word' id='word_1_112' title='bbox 259 1294 356 1341; x_wconf 90' lang='lat' dir='ltr'>Sed</span> <span class='ocrx_word' id='word_1_113' title='bbox 394 1293 476 1356; x_wconf 92' lang='lat' dir='ltr'>qui</span> <span class='ocrx_word' id='word_1_114' title='bbox 511 1292 609 1340; x_wconf 90' lang='lat' dir='ltr'>duo</span> <span class='ocrx_word' id='word_1_115' title='bbox 648 1298 763 1339; x_wconf 90' lang='lat' dir='ltr'>sunt</span> <span class='ocrx_word' id='word_1_116' title='bbox 798 1290 928 1355; x_wconf 90' lang='lat' dir='ltr'>apud</span> <span class='ocrx_word' id='word_1_117' title='bbox 971 1289 1245 1337; x_wconf 88' lang='lat' dir='ltr'>Homerum</span> <span class='ocrx_word' id='word_1_118' title='bbox 1286 1287 1396 1345; x_wconf 89' lang='lat' dir='ltr'>loci,</span> <span class='ocrx_word' id='word_1_119' title='bbox 1434 1288 1485 1336; x_wconf 93' lang='lat' dir='ltr'>in</span> <span class='ocrx_word' id='word_1_120' title='bbox 1523 1289 1696 1352; x_wconf 90' lang='lat' dir='ltr'>quibus</span> 
     </span>
     <span class='ocr_line' id='line_1_18' title="bbox 194 1354 1696 1422; baseline -0.003 -14"><span class='ocrx_word' id='word_1_121' title='bbox 194 1359 346 1408; x_wconf 89' lang='lat' dir='ltr'>simile</span> <span class='ocrx_word' id='word_1_122' title='bbox 371 1358 602 1422; x_wconf 90' lang='lat' dir='ltr'>quiddam</span> <span class='ocrx_word' id='word_1_123' title='bbox 626 1359 875 1421; x_wconf 85' lang='lat' dir='ltr'>scripturae</span> <span class='ocrx_word' id='word_1_124' title='bbox 908 1356 1159 1420; x_wconf 88' lang='lat' dir='ltr'>reperitur,</span> <span class='ocrx_word' id='word_1_125' title='bbox 1197 1363 1423 1402; x_wconf 89' lang='lat' dir='ltr'>accurata</span> <span class='ocrx_word' id='word_1_126' title='bbox 1461 1354 1696 1419; x_wconf 87' lang='lat' dir='ltr'>interpre-</span> 
     </span>
     <span class='ocr_line' id='line_1_19' title="bbox 193 1421 1696 1485; baseline -0.004 -11"><span class='ocrx_word' id='word_1_127' title='bbox 193 1426 314 1474; x_wconf 87' lang='lat' dir='ltr'>tatio</span> <span class='ocrx_word' id='word_1_128' title='bbox 351 1424 495 1473; x_wconf 87' lang='lat' dir='ltr'>facile</span> <span class='ocrx_word' id='word_1_129' title='bbox 519 1425 700 1481; x_wconf 89' lang='lat' dir='ltr'>vincet,</span> <span class='ocrx_word' id='word_1_130' title='bbox 739 1440 819 1471; x_wconf 90' lang='lat' dir='ltr'>eos</span> <span class='ocrx_word' id='word_1_131' title='bbox 843 1439 943 1470; x_wconf 91' lang='lat' dir='ltr'>non</span> <span class='ocrx_word' id='word_1_132' title='bbox 966 1422 1120 1485; x_wconf 81' lang='lat' dir='ltr'>magis</span> <span class='ocrx_word' id='word_1_133' title='bbox 1145 1421 1207 1468; x_wconf 88' lang='lat' dir='ltr'>de</span> <span class='ocrx_word' id='word_1_134' title='bbox 1247 1421 1483 1484; x_wconf 89' lang='lat' dir='ltr'>scriptura</span> <span class='ocrx_word' id='word_1_135' title='bbox 1524 1421 1696 1484; x_wconf 89' lang='lat' dir='ltr'>accipi-</span> 
     </span>
     <span class='ocr_line' id='line_1_20' title="bbox 194 1485 1695 1555; baseline -0.003 -15"><span class='ocrx_word' id='word_1_136' title='bbox 194 1492 345 1540; x_wconf 86' lang='lat' dir='ltr'>endos</span> <span class='ocrx_word' id='word_1_137' title='bbox 370 1508 489 1548; x_wconf 88' lang='lat' dir='ltr'>esse,</span> <span class='ocrx_word' id='word_1_138' title='bbox 528 1507 671 1555; x_wconf 89' lang='lat' dir='ltr'>quam</span> <span class='ocrx_word' id='word_1_139' title='bbox 697 1489 939 1538; x_wconf 88' lang='lat' dir='ltr'>celebrem</span> <span class='ocrx_word' id='word_1_140' title='bbox 973 1487 1110 1535; x_wconf 90' lang='lat' dir='ltr'>illum</span> <span class='ocrx_word' id='word_1_141' title='bbox 1145 1487 1395 1535; x_wconf 90' lang='lat' dir='ltr'>Ciceronis</span> <span class='ocrx_word' id='word_1_142' title='bbox 1414 1496 1431 1514; x_wconf 67' lang='lat'>²</span> <span class='ocrx_word' id='word_1_143' title='bbox 1456 1485 1517 1535; x_wconf 92' lang='lat' dir='ltr'>de</span> <span class='ocrx_word' id='word_1_144' title='bbox 1555 1495 1695 1550; x_wconf 87' lang='lat' dir='ltr'>typo-</span> 
     </span>
     <span class='ocr_line' id='line_1_21' title="bbox 191 1551 1694 1623; baseline -0.003 -18"><span class='ocrx_word' id='word_1_145' title='bbox 191 1557 393 1623; x_wconf 85' lang='lat' dir='ltr'>graphia</span> <span class='ocrx_word' id='word_1_146' title='bbox 417 1565 596 1604; x_wconf 88' lang='lat' dir='ltr'>nostra.</span> <span class='ocrx_word' id='word_1_147' title='bbox 668 1555 836 1618; x_wconf 89' lang='lat' dir='ltr'>Atque</span> <span class='ocrx_word' id='word_1_148' title='bbox 871 1555 921 1601; x_wconf 92' lang='lat' dir='ltr'>in</span> <span class='ocrx_word' id='word_1_149' title='bbox 959 1553 1112 1601; x_wconf 91' lang='lat' dir='ltr'>altero</span> <span class='ocrx_word' id='word_1_150' title='bbox 1150 1553 1346 1616; x_wconf 91' lang='lat' dir='ltr'>quidem</span> <span class='ocrx_word' id='word_1_151' title='bbox 1384 1551 1508 1609; x_wconf 91' lang='lat' dir='ltr'>loco,</span> <span class='ocrx_word' id='word_1_152' title='bbox 1551 1553 1606 1599; x_wconf 92' lang='lat' dir='ltr'>Il.</span> <span class='ocrx_word' id='word_1_153' title='bbox 1646 1551 1694 1608; x_wconf 84' lang='grc' dir='ltr'>η’.</span> 
     </span>
     <span class='ocr_line' id='line_1_22' title="bbox 196 1618 1696 1687; baseline -0.003 -16"><span class='ocrx_word' id='word_1_154' title='bbox 196 1631 303 1675; x_wconf 84' lang='grc'>175.</span> <span class='ocrx_word' id='word_1_155' title='bbox 335 1639 437 1687; x_wconf 90' lang='lat' dir='ltr'>sqq.</span> <span class='ocrx_word' id='word_1_156' title='bbox 464 1623 562 1671; x_wconf 86' lang='lat' dir='ltr'>cito</span> <span class='ocrx_word' id='word_1_157' title='bbox 585 1629 944 1670; x_wconf 89' lang='lat' dir='ltr'>conventurum</span> <span class='ocrx_word' id='word_1_158' title='bbox 968 1619 1173 1667; x_wconf 87' lang='lat' dir='ltr'>arbitror</span> <span class='ocrx_word' id='word_1_159' title='bbox 1196 1619 1324 1665; x_wconf 88' lang='lat' dir='ltr'>inter</span> <span class='ocrx_word' id='word_1_160' title='bbox 1347 1634 1530 1674; x_wconf 83' lang='lat' dir='ltr'>omneS,</span> <span class='ocrx_word' id='word_1_161' title='bbox 1576 1618 1696 1666; x_wconf 90' lang='lat' dir='ltr'>nihil</span> 
     </span>
     <span class='ocr_line' id='line_1_23' title="bbox 192 1684 1693 1752; baseline -0.003 -16"><span class='ocrx_word' id='word_1_162' title='bbox 192 1690 363 1746; x_wconf 89' lang='lat' dir='ltr'>inesse,</span> <span class='ocrx_word' id='word_1_163' title='bbox 403 1688 535 1752; x_wconf 89' lang='lat' dir='ltr'>quod</span> <span class='ocrx_word' id='word_1_164' title='bbox 558 1687 775 1736; x_wconf 89' lang='lat' dir='ltr'>alterutri</span> <span class='ocrx_word' id='word_1_165' title='bbox 815 1687 940 1750; x_wconf 91' lang='lat' dir='ltr'>parti</span> <span class='ocrx_word' id='word_1_166' title='bbox 979 1685 1215 1749; x_wconf 87' lang='lat' dir='ltr'>proficiat.</span> <span class='ocrx_word' id='word_1_167' title='bbox 1286 1684 1593 1731; x_wconf 88' lang='lat' dir='ltr'>Describitur</span> <span class='ocrx_word' id='word_1_168' title='bbox 1627 1685 1693 1732; x_wconf 91' lang='lat' dir='ltr'>ibi</span> 
     </span>
     <span class='ocr_line' id='line_1_24' title="bbox 190 1749 1695 1816; baseline -0.003 -13"><span class='ocrx_word' id='word_1_169' title='bbox 190 1756 365 1803; x_wconf 89' lang='lat' dir='ltr'>modus</span> <span class='ocrx_word' id='word_1_170' title='bbox 389 1753 622 1802; x_wconf 88' lang='lat' dir='ltr'>sortiendi</span> <span class='ocrx_word' id='word_1_171' title='bbox 658 1753 830 1800; x_wconf 89' lang='lat' dir='ltr'>illustri</span> <span class='ocrx_word' id='word_1_172' title='bbox 868 1752 1078 1816; x_wconf 92' lang='lat' dir='ltr'>quodam</span> <span class='ocrx_word' id='word_1_173' title='bbox 1117 1749 1356 1812; x_wconf 84' lang='lat' dir='ltr'>exemplo,</span> <span class='ocrx_word' id='word_1_174' title='bbox 1394 1749 1480 1797; x_wconf 88' lang='lat' dir='ltr'>sed</span> <span class='ocrx_word' id='word_1_175' title='bbox 1518 1750 1600 1806; x_wconf 91' lang='lat' dir='ltr'>ita,</span> <span class='ocrx_word' id='word_1_176' title='bbox 1638 1759 1695 1799; x_wconf 91' lang='lat' dir='ltr'>ut</span> 
     </span>
     <span class='ocr_line' id='line_1_25' title="bbox 193 1816 1692 1880; baseline -0.003 -11"><span class='ocrx_word' id='word_1_177' title='bbox 193 1822 349 1870; x_wconf 92' lang='lat' dir='ltr'>omnis</span> <span class='ocrx_word' id='word_1_178' title='bbox 374 1821 583 1869; x_wconf 86' lang='lat' dir='ltr'>narratio</span> <span class='ocrx_word' id='word_1_179' title='bbox 618 1819 867 1875; x_wconf 90' lang='lat' dir='ltr'>reclamet,</span> <span class='ocrx_word' id='word_1_180' title='bbox 905 1835 967 1866; x_wconf 89' lang='lat' dir='ltr'>ne</span> <span class='ocrx_word' id='word_1_181' title='bbox 1003 1817 1216 1865; x_wconf 89' lang='lat' dir='ltr'>animum</span> <span class='ocrx_word' id='word_1_182' title='bbox 1252 1818 1422 1863; x_wconf 89' lang='lat' dir='ltr'>subeat</span> <span class='ocrx_word' id='word_1_183' title='bbox 1458 1816 1692 1880; x_wconf 84' lang='lat' dir='ltr'>cogitatio</span> 
     </span>
     <span class='ocr_line' id='line_1_26' title="bbox 192 1882 1689 1949; baseline -0.004 -14"><span class='ocrx_word' id='word_1_184' title='bbox 192 1887 455 1936; x_wconf 86' lang='lat' dir='ltr'>literarum.</span> <span class='ocrx_word' id='word_1_185' title='bbox 524 1887 653 1934; x_wconf 89' lang='lat' dir='ltr'>Nam</span> <span class='ocrx_word' id='word_1_186' title='bbox 676 1888 868 1949; x_wconf 74' lang='grc' dir='ltr'><em>σῆματα,</em></span> <span class='ocrx_word' id='word_1_187' title='bbox 894 1885 1066 1948; x_wconf 91' lang='lat' dir='ltr'>quibus</span> <span class='ocrx_word' id='word_1_188' title='bbox 1086 1892 1291 1930; x_wconf 87' lang='lat' dir='ltr'>utuntur</span> <span class='ocrx_word' id='word_1_189' title='bbox 1310 1882 1496 1938; x_wconf 74' lang='lat' dir='ltr'>heroes,</span> <span class='ocrx_word' id='word_1_190' title='bbox 1523 1884 1689 1946; x_wconf 61' lang='grc' dir='ltr'><em>χαράγ-</em></span> 
     </span>
     <span class='ocr_line' id='line_1_27' title="bbox 191 1947 1691 2016; baseline -0.003 -15"><span class='ocrx_word' id='word_1_191' title='bbox 191 1973 316 2016; x_wconf 71' lang='grc' dir='ltr'>ματα</span> <span class='ocrx_word' id='word_1_192' title='bbox 344 1969 461 2009; x_wconf 86' lang='grc'><strong>6556,</strong></span> <span class='ocrx_word' id='word_1_193' title='bbox 500 1952 599 2000; x_wconf 88' lang='lat' dir='ltr'>sive</span> <span class='ocrx_word' id='word_1_194' title='bbox 640 1953 779 2015; x_wconf 85' lang='lat' dir='ltr'>signa</span> <span class='ocrx_word' id='word_1_195' title='bbox 818 1950 1081 2005; x_wconf 87' lang='lat' dir='ltr'>arbitraria,</span> <span class='ocrx_word' id='word_1_196' title='bbox 1118 1949 1253 2012; x_wconf 82' lang='lat' dir='ltr'>ligno</span> <span class='ocrx_word' id='word_1_197' title='bbox 1293 1947 1372 1994; x_wconf 92' lang='lat' dir='ltr'>vel</span> <span class='ocrx_word' id='word_1_198' title='bbox 1411 1947 1489 1994; x_wconf 89' lang='lat' dir='ltr'>alii</span> <span class='ocrx_word' id='word_1_199' title='bbox 1530 1948 1691 1996; x_wconf 89' lang='lat' dir='ltr'>inutili</span> 
     </span>
     <span class='ocr_line' id='line_1_28' title="bbox 193 2014 1690 2078; baseline -0.004 -13"><span class='ocrx_word' id='word_1_200' title='bbox 193 2020 261 2067; x_wconf 83' lang='lat' dir='ltr'>rei</span> <span class='ocrx_word' id='word_1_201' title='bbox 285 2019 466 2075; x_wconf 87' lang='lat' dir='ltr'>addita,</span> <span class='ocrx_word' id='word_1_202' title='bbox 504 2017 813 2065; x_wconf 81' lang='lat' dir='ltr'>manifestum</span> <span class='ocrx_word' id='word_1_203' title='bbox 838 2025 911 2064; x_wconf 90' lang='lat' dir='ltr'>est</span> <span class='ocrx_word' id='word_1_204' title='bbox 935 2032 995 2064; x_wconf 82' lang='lat' dir='ltr'>ex</span> <span class='ocrx_word' id='word_1_205' title='bbox 1025 2032 1098 2071; x_wconf 89' lang='lat' dir='ltr'>eo,</span> <span class='ocrx_word' id='word_1_206' title='bbox 1137 2014 1269 2078; x_wconf 93' lang='lat' dir='ltr'>quod</span> <span class='ocrx_word' id='word_1_207' title='bbox 1309 2030 1423 2071; x_wconf 69' lang='lat' dir='ltr'>som,</span> <span class='ocrx_word' id='word_1_208' title='bbox 1462 2030 1570 2076; x_wconf 86' lang='lat' dir='ltr'>quae</span> <span class='ocrx_word' id='word_1_209' title='bbox 1608 2031 1690 2078; x_wconf 89' lang='lat' dir='ltr'>ga-</span> 
     </span>
     <span class='ocr_line' id='line_1_29' title="bbox 191 2079 1692 2147; baseline -0.004 -14"><span class='ocrx_word' id='word_1_210' title='bbox 191 2086 269 2133; x_wconf 89' lang='lat' dir='ltr'>lea</span> <span class='ocrx_word' id='word_1_211' title='bbox 292 2086 426 2143; x_wconf 86' lang='lat' dir='ltr'>exiit‚</span> <span class='ocrx_word' id='word_1_212' title='bbox 464 2102 492 2132; x_wconf 91' lang='lat' dir='ltr'>a</span> <span class='ocrx_word' id='word_1_213' title='bbox 515 2084 850 2132; x_wconf 87' lang='lat' dir='ltr'>circumeunte</span> <span class='ocrx_word' id='word_1_214' title='bbox 872 2097 1100 2147; x_wconf 88' lang='lat' dir='ltr'>praecone</span> <span class='ocrx_word' id='word_1_215' title='bbox 1123 2079 1388 2143; x_wconf 89' lang='lat' dir='ltr'>unicuique</span> <span class='ocrx_word' id='word_1_216' title='bbox 1425 2096 1692 2143; x_wconf 85' lang='lat' dir='ltr'>agnoscen-</span> 
     </span>
     <span class='ocr_line' id='line_1_30' title="bbox 190 2147 1690 2210; baseline -0.003 -11"><span class='ocrx_word' id='word_1_217' title='bbox 190 2151 254 2199; x_wconf 88' lang='lat' dir='ltr'>da</span> <span class='ocrx_word' id='word_1_218' title='bbox 294 2151 653 2198; x_wconf 86' lang='lat' dir='ltr'>demonstratur</span> <span class='ocrx_word' id='word_1_219' title='bbox 671 2157 706 2196; x_wconf 73' lang='lat' dir='ltr'>b.</span> <span class='ocrx_word' id='word_1_220' title='bbox 778 2149 941 2205; x_wconf 85' lang='lat' dir='ltr'>Quare</span> <span class='ocrx_word' id='word_1_221' title='bbox 976 2147 1111 2196; x_wconf 90' lang='lat' dir='ltr'>verbi</span> <span class='ocrx_word' id='word_1_222' title='bbox 1136 2148 1370 2210; x_wconf 60' lang='grc' dir='ltr'>ἐπιγράφειν</span> <span class='ocrx_word' id='word_1_223' title='bbox 1393 2163 1437 2193; x_wconf 83' lang='grc' dir='ltr'>ν.</span> <span class='ocrx_word' id='word_1_224' title='bbox 1470 2154 1575 2197; x_wconf 90' lang='lat'>187.</span> <span class='ocrx_word' id='word_1_225' title='bbox 1614 2163 1690 2194; x_wconf 88' lang='lat' dir='ltr'>ea-</span> 
     </span>
     <span class='ocr_line' id='line_1_31' title="bbox 190 2211 1682 2281; baseline -0.003 -17"><span class='ocrx_word' id='word_1_226' title='bbox 190 2217 302 2265; x_wconf 87' lang='lat' dir='ltr'>dem</span> <span class='ocrx_word' id='word_1_227' title='bbox 327 2216 614 2281; x_wconf 86' lang='lat' dir='ltr'>significatio</span> <span class='ocrx_word' id='word_1_228' title='bbox 638 2217 699 2264; x_wconf 90' lang='lat' dir='ltr'>sit</span> <span class='ocrx_word' id='word_1_229' title='bbox 722 2231 920 2263; x_wconf 87' lang='lat' dir='ltr'>necesse</span> <span class='ocrx_word' id='word_1_230' title='bbox 945 2221 1032 2270; x_wconf 89' lang='lat' dir='ltr'>est,</span> <span class='ocrx_word' id='word_1_231' title='bbox 1071 2229 1179 2276; x_wconf 82' lang='lat' dir='ltr'>quae</span> <span class='ocrx_word' id='word_1_232' title='bbox 1219 2211 1332 2259; x_wconf 84' lang='lat' dir='ltr'>alibi</span> <span class='ocrx_word' id='word_1_233' title='bbox 1373 2212 1552 2276; x_wconf 89' lang='lat' dir='ltr'>ubique</span> <span class='ocrx_word' id='word_1_234' title='bbox 1594 2219 1682 2269; x_wconf 89' lang='lat' dir='ltr'>est,</span> 
     </span>
     <span class='ocr_line' id='line_1_32' title="bbox 188 2277 1685 2346; baseline -0.003 -16"><span class='ocrx_word' id='word_1_235' title='bbox 188 2282 408 2331; x_wconf 84' lang='lat' dir='ltr'>fodiendi</span> <span class='ocrx_word' id='word_1_236' title='bbox 432 2299 516 2331; x_wconf 87' lang='lat' dir='ltr'>seu</span> <span class='ocrx_word' id='word_1_237' title='bbox 557 2282 820 2346; x_wconf 87' lang='lat' dir='ltr'>scalpendi.</span> <span class='ocrx_word' id='word_1_238' title='bbox 890 2280 1068 2328; x_wconf 89' lang='lat' dir='ltr'>Sensus</span> <span class='ocrx_word' id='word_1_239' title='bbox 1106 2277 1303 2325; x_wconf 89' lang='lat' dir='ltr'>alterius</span> <span class='ocrx_word' id='word_1_240' title='bbox 1337 2278 1449 2334; x_wconf 84' lang='lat' dir='ltr'>loci,</span> <span class='ocrx_word' id='word_1_241' title='bbox 1484 2277 1534 2340; x_wconf 75' lang='grc' dir='ltr'>ζ.</span> <span class='ocrx_word' id='word_1_242' title='bbox 1580 2284 1685 2326; x_wconf 91' lang='grc'><strong>168.</strong></span> 
     </span>
    </p>
   </div>
   <div class='ocr_carea' id='block_1_3' title="bbox 229 2417 1686 2499">
    <p class='ocr_par' dir='ltr' id='par_1_5' title="bbox 229 2417 1686 2499">
     <span class='ocr_line' id='line_1_33' title="bbox 229 2417 663 2448; baseline -0.005 0"><span class='ocrx_word' id='word_1_243' title='bbox 229 2428 248 2448; x_wconf 86' lang='lat' dir='ltr'>a</span> <span class='ocrx_word' id='word_1_244' title='bbox 270 2418 322 2448; x_wconf 89' lang='lat' dir='ltr'>De</span> <span class='ocrx_word' id='word_1_245' title='bbox 338 2417 412 2448; x_wconf 74' lang='lat' dir='ltr'>Nat.</span> <span class='ocrx_word' id='word_1_246' title='bbox 428 2418 522 2448; x_wconf 86' lang='lat' dir='ltr'>Deor.</span> <span class='ocrx_word' id='word_1_247' title='bbox 541 2417 590 2447; x_wconf 87' lang='grc' dir='ltr'>ΙΙ.</span> <span class='ocrx_word' id='word_1_248' title='bbox 612 2419 663 2447; x_wconf 85' lang='grc'>57.</span> 
     </span>
     <span class='ocr_line' id='line_1_34' title="bbox 229 2453 1686 2499; baseline -0.004 -8"><span class='ocrx_word' id='word_1_249' title='bbox 229 2462 250 2491; x_wconf 90' lang='lat' dir='ltr'>b</span> <span class='ocrx_word' id='word_1_250' title='bbox 274 2461 340 2491; x_wconf 87' lang='lat' dir='ltr'>Hic</span> <span class='ocrx_word' id='word_1_251' title='bbox 355 2460 551 2490; x_wconf 84' lang='lat' dir='ltr'>subnotanda</span> <span class='ocrx_word' id='word_1_252' title='bbox 564 2467 610 2490; x_wconf 85' lang='lat' dir='ltr'>est</span> <span class='ocrx_word' id='word_1_253' title='bbox 625 2458 731 2499; x_wconf 91' lang='lat' dir='ltr'>paullo</span> <span class='ocrx_word' id='word_1_254' title='bbox 754 2464 826 2488; x_wconf 79' lang='lat' dir='ltr'>ante</span> <span class='ocrx_word' id='word_1_255' title='bbox 852 2457 1005 2498; x_wconf 84' lang='lat' dir='ltr'>promissa</span> <span class='ocrx_word' id='word_1_256' title='bbox 1029 2456 1108 2487; x_wconf 88' lang='lat' dir='ltr'>ratio</span> <span class='ocrx_word' id='word_1_257' title='bbox 1135 2454 1315 2486; x_wconf 85' lang='lat' dir='ltr'>recentioris</span> <span class='ocrx_word' id='word_1_258' title='bbox 1341 2454 1521 2485; x_wconf 84' lang='lat' dir='ltr'>Scholiastae</span> <span class='ocrx_word' id='word_1_259' title='bbox 1546 2454 1578 2484; x_wconf 86' lang='lat' dir='ltr'>in</span> <span class='ocrx_word' id='word_1_260' title='bbox 1605 2453 1686 2485; x_wconf 88' lang='lat' dir='ltr'>Ven.</span> 
     </span>
    </p>
   </div>
   <div class='ocr_carea' id='block_1_4' title="bbox 185 2497 1692 2889">
    <p class='ocr_par' dir='ltr' id='par_1_6' title="bbox 185 2497 1692 2889">
     <span class='ocr_line' id='line_1_35' title="bbox 191 2497 1692 2538; baseline -0.006 -3"><span class='ocrx_word' id='word_1_261' title='bbox 191 2504 270 2535; x_wconf 91' lang='lat' dir='ltr'>Cod.</span> <span class='ocrx_word' id='word_1_262' title='bbox 286 2504 323 2534; x_wconf 90' lang='lat' dir='ltr'>B.</span> <span class='ocrx_word' id='word_1_263' title='bbox 340 2503 378 2534; x_wconf 91' lang='lat' dir='ltr'>ad</span> <span class='ocrx_word' id='word_1_264' title='bbox 395 2514 420 2533; x_wconf 82' lang='lat' dir='ltr'>v,</span> <span class='ocrx_word' id='word_1_265' title='bbox 440 2507 516 2537; x_wconf 74' lang='lat'>185..</span> <span class='ocrx_word' id='word_1_266' title='bbox 541 2502 714 2534; x_wconf 82' lang='lat' dir='ltr'>suavissimi</span> <span class='ocrx_word' id='word_1_267' title='bbox 730 2501 876 2532; x_wconf 88' lang='lat' dir='ltr'>hominis.</span> <span class='ocrx_word' id='word_1_268' title='bbox 922 2501 989 2531; x_wconf 88' lang='lat' dir='ltr'>Nos</span> <span class='ocrx_word' id='word_1_269' title='bbox 1003 2510 1104 2530; x_wconf 89' lang='lat' dir='ltr'>unum</span> <span class='ocrx_word' id='word_1_270' title='bbox 1128 2499 1329 2538; x_wconf 82' lang='lat' dir='ltr'>alphabetum</span> <span class='ocrx_word' id='word_1_271' title='bbox 1355 2497 1485 2528; x_wconf 54' lang='lat' dir='ltr'>moleste</span> <span class='ocrx_word' id='word_1_272' title='bbox 1499 2497 1692 2538; x_wconf 79' lang='lat' dir='ltr'>quaerimus;</span> 
     </span>
     <span class='ocr_line' id='line_1_36' title="bbox 187 2540 1685 2586; baseline -0.005 -8"><span class='ocrx_word' id='word_1_273' title='bbox 187 2547 241 2578; x_wconf 83' lang='lat' dir='ltr'>ille</span> <span class='ocrx_word' id='word_1_274' title='bbox 257 2554 302 2578; x_wconf 86' lang='lat' dir='ltr'>tot</span> <span class='ocrx_word' id='word_1_275' title='bbox 318 2548 410 2577; x_wconf 81' lang='lat' dir='ltr'>habet</span> <span class='ocrx_word' id='word_1_276' title='bbox 425 2546 553 2582; x_wconf 69' lang='lat' dir='ltr'>diversa,</span> <span class='ocrx_word' id='word_1_277' title='bbox 577 2552 653 2586; x_wconf 89' lang='lat' dir='ltr'>quot</span> <span class='ocrx_word' id='word_1_278' title='bbox 667 2546 798 2576; x_wconf 84' lang='lat' dir='ltr'>fuerunt</span> <span class='ocrx_word' id='word_1_279' title='bbox 813 2544 919 2584; x_wconf 89' lang='lat' dir='ltr'>populi</span> <span class='ocrx_word' id='word_1_280' title='bbox 937 2544 1077 2579; x_wconf 80' lang='lat' dir='ltr'>Graeciae,</span> <span class='ocrx_word' id='word_1_281' title='bbox 1102 2544 1135 2572; x_wconf 88' lang='lat' dir='ltr'>in</span> <span class='ocrx_word' id='word_1_282' title='bbox 1151 2552 1249 2583; x_wconf 87' lang='lat' dir='ltr'>eoque</span> <span class='ocrx_word' id='word_1_283' title='bbox 1265 2551 1390 2573; x_wconf 85' lang='lat' dir='ltr'>causam</span> <span class='ocrx_word' id='word_1_284' title='bbox 1407 2540 1498 2576; x_wconf 84' lang='lat' dir='ltr'>videt,</span> <span class='ocrx_word' id='word_1_285' title='bbox 1515 2551 1570 2571; x_wconf 89' lang='lat' dir='ltr'>cur</span> <span class='ocrx_word' id='word_1_286' title='bbox 1586 2551 1685 2570; x_wconf 84' lang='lat' dir='ltr'>unus·</span> 
     </span>
     <span class='ocr_line' id='line_1_37' title="bbox 188 2583 1683 2632; baseline -0.005 -11"><span class='ocrx_word' id='word_1_287' title='bbox 188 2591 319 2632; x_wconf 87' lang='lat' dir='ltr'>quisque</span> <span class='ocrx_word' id='word_1_288' title='bbox 334 2591 466 2620; x_wconf 82' lang='lat' dir='ltr'>heroum</span> <span class='ocrx_word' id='word_1_289' title='bbox 484 2590 607 2619; x_wconf 83' lang='lat' dir='ltr'>nonnisi</span> <span class='ocrx_word' id='word_1_290' title='bbox 622 2599 710 2619; x_wconf 88' lang='lat' dir='ltr'>suam</span> <span class='ocrx_word' id='word_1_291' title='bbox 726 2598 858 2618; x_wconf 86' lang='lat' dir='ltr'>manum</span> <span class='ocrx_word' id='word_1_292' title='bbox 875 2587 1007 2628; x_wconf 84' lang='lat' dir='ltr'>agnorit.</span> <span class='ocrx_word' id='word_1_293' title='bbox 1054 2587 1183 2616; x_wconf 83' lang='lat' dir='ltr'>Rectius</span> <span class='ocrx_word' id='word_1_294' title='bbox 1198 2584 1320 2615; x_wconf 91' lang='lat' dir='ltr'>dudum</span> <span class='ocrx_word' id='word_1_295' title='bbox 1338 2584 1440 2614; x_wconf 85' lang='lat' dir='ltr'>editus</span> <span class='ocrx_word' id='word_1_296' title='bbox 1452 2584 1553 2614; x_wconf 82' lang='lat' dir='ltr'>brevis</span> <span class='ocrx_word' id='word_1_297' title='bbox 1570 2583 1683 2619; x_wconf 68' lang='lat' dir='ltr'>Schol„</span> 
     </span>
     <span class='ocr_line' id='line_1_38' title="bbox 188 2627 1684 2675; baseline -0.006 -11"><span class='ocrx_word' id='word_1_298' title='bbox 188 2646 207 2664; x_wconf 78' lang='lat' dir='ltr'>a</span> <span class='ocrx_word' id='word_1_299' title='bbox 222 2634 402 2664; x_wconf 82' lang='lat' dir='ltr'>melioribus</span> <span class='ocrx_word' id='word_1_300' title='bbox 419 2635 447 2662; x_wconf 86' lang='lat' dir='ltr'>h.</span> <span class='ocrx_word' id='word_1_301' title='bbox 472 2633 490 2662; x_wconf 94' lang='lat' dir='ltr'>l.</span> <span class='ocrx_word' id='word_1_302' title='bbox 513 2632 647 2667; x_wconf 51' lang='lat' dir='ltr'>edoctus</span> <span class='ocrx_word' id='word_1_303' title='bbox 674 2633 702 2662; x_wconf 67' lang='grc' dir='ltr'>οὐ</span> <span class='ocrx_word' id='word_1_304' title='bbox 719 2633 889 2675; x_wconf 66' lang='grc' dir='ltr'>γράμματα</span> <span class='ocrx_word' id='word_1_305' title='bbox 913 2630 966 2661; x_wconf 85' lang='lat' dir='ltr'>sed</span> <span class='ocrx_word' id='word_1_306' title='bbox 990 2631 1134 2673; x_wconf 60' lang='grc' dir='ltr'>’γραμμάς</span> <span class='ocrx_word' id='word_1_307' title='bbox 1159 2642 1234 2662; x_wconf 66' lang='grc' dir='ltr'><strong><em>τινας</em></strong></span> <span class='ocrx_word' id='word_1_308' title='bbox 1258 2627 1392 2668; x_wconf 82' lang='lat' dir='ltr'>intelligi</span> <span class='ocrx_word' id='word_1_309' title='bbox 1410 2627 1508 2667; x_wconf 85' lang='lat' dir='ltr'>jubet.</span> <span class='ocrx_word' id='word_1_310' title='bbox 1554 2627 1684 2665; x_wconf 83' lang='lat' dir='ltr'>Optime</span> 
     </span>
     <span class='ocr_line' id='line_1_39' title="bbox 187 2672 1685 2717; baseline -0.005 -10"><span class='ocrx_word' id='word_1_311' title='bbox 187 2678 337 2717; x_wconf 84' lang='lat' dir='ltr'>antiquus</span> <span class='ocrx_word' id='word_1_312' title='bbox 355 2676 457 2706; x_wconf 88' lang='lat' dir='ltr'>Schol.</span> <span class='ocrx_word' id='word_1_313' title='bbox 476 2676 552 2706; x_wconf 83' lang='lat' dir='ltr'>Cod.</span> <span class='ocrx_word' id='word_1_314' title='bbox 571 2677 610 2705; x_wconf 81' lang='lat' dir='ltr'>A.</span> <span class='ocrx_word' id='word_1_315' title='bbox 627 2675 666 2705; x_wconf 87' lang='lat' dir='ltr'>ad</span> <span class='ocrx_word' id='word_1_316' title='bbox 681 2685 707 2704; x_wconf 81' lang='grc' dir='ltr'>ν.</span> <span class='ocrx_word' id='word_1_317' title='bbox 727 2678 794 2705; x_wconf 79' lang='lat'>187.</span> <span class='ocrx_word' id='word_1_318' title='bbox 838 2675 880 2704; x_wconf 77' lang='grc' dir='ltr'>Οὐ</span> <span class='ocrx_word' id='word_1_319' title='bbox 896 2675 1053 2716; x_wconf 66' lang='grc' dir='ltr'>γράμμασι</span> <span class='ocrx_word' id='word_1_320' title='bbox 1069 2675 1120 2707; x_wconf 68' lang='grc' dir='ltr'>τῆς</span> <span class='ocrx_word' id='word_1_321' title='bbox 1147 2673 1257 2710; x_wconf 79' lang='grc' dir='ltr'>λέξεως,</span> <span class='ocrx_word' id='word_1_322' title='bbox 1285 2673 1358 2702; x_wconf 78' lang='grc' dir='ltr'>ἀλλ’</span> <span class='ocrx_word' id='word_1_323' title='bbox 1381 2672 1552 2713; x_wconf 65' lang='grc' dir='ltr'>ἐγχαράξας</span> <span class='ocrx_word' id='word_1_324' title='bbox 1570 2672 1685 2708; x_wconf 71' lang='grc' dir='ltr'>σημεῖα·</span> 
     </span>
     <span class='ocr_line' id='line_1_40' title="bbox 188 2712 1684 2763; baseline -0.005 -12"><span class='ocrx_word' id='word_1_325' title='bbox 188 2722 212 2751; x_wconf 79' lang='grc' dir='ltr'>εἰ</span> <span class='ocrx_word' id='word_1_326' title='bbox 227 2722 288 2763; x_wconf 65' lang='grc' dir='ltr'>’γὰρ</span> <span class='ocrx_word' id='word_1_327' title='bbox 303 2721 396 2754; x_wconf 69' lang='grc' dir='ltr'><strong><em>κοινᾶς</em></strong></span> <span class='ocrx_word' id='word_1_328' title='bbox 412 2718 511 2762; x_wconf 61' lang='grc' dir='ltr'>ᾔδεσαν</span> <span class='ocrx_word' id='word_1_329' title='bbox 527 2718 707 2760; x_wconf 69' lang='grc' dir='ltr'><em>γράμματα,</em></span> <span class='ocrx_word' id='word_1_330' title='bbox 732 2716 782 2748; x_wconf 61' lang='grc' dir='ltr'><em>’ἔδει</em></span> <span class='ocrx_word' id='word_1_331' title='bbox 799 2718 845 2748; x_wconf 63' lang='grc' dir='ltr'>τὸν</span> <span class='ocrx_word' id='word_1_332' title='bbox 860 2718 972 2760; x_wconf 69' lang='grc' dir='ltr'>κήρυκα</span> <span class='ocrx_word' id='word_1_333' title='bbox 987 2718 1146 2756; x_wconf 65' lang='grc' dir='ltr'>ἀναγνῶναι</span> <span class='ocrx_word' id='word_1_334' title='bbox 1171 2716 1222 2746; x_wconf 70' lang='grc' dir='ltr'>καὶ</span> <span class='ocrx_word' id='word_1_335' title='bbox 1244 2714 1308 2748; x_wconf 69' lang='grc' dir='ltr'><strong><em>’τοὺς</em></strong></span> <span class='ocrx_word' id='word_1_336' title='bbox 1324 2715 1444 2749; x_wconf 67' lang='grc' dir='ltr'>ἄλλους,</span> <span class='ocrx_word' id='word_1_337' title='bbox 1469 2713 1505 2748; x_wconf 76' lang='grc' dir='ltr'>οἷς</span> <span class='ocrx_word' id='word_1_338' title='bbox 1529 2712 1684 2744; x_wconf 50' lang='lat' dir='ltr'>{adsimu-</span> 
     </span>
     <span class='ocr_line' id='line_1_41' title="bbox 187 2756 1684 2805; baseline -0.006 -10"><span class='ocrx_word' id='word_1_339' title='bbox 187 2778 220 2795; x_wconf 73' lang='grc' dir='ltr'>το</span> <span class='ocrx_word' id='word_1_340' title='bbox 237 2765 248 2793; x_wconf 78' lang='lat' dir='ltr'>o‘</span> <span class='ocrx_word' id='word_1_341' title='bbox 265 2765 379 2805; x_wconf 65' lang='grc' dir='ltr'>κλῆρος.</span> <span class='ocrx_word' id='word_1_342' title='bbox 425 2762 510 2792; x_wconf 76' lang='lat' dir='ltr'>Item</span> <span class='ocrx_word' id='word_1_343' title='bbox 525 2762 669 2792; x_wconf 74' lang='lat' dir='ltr'>Eustath.</span> <span class='ocrx_word' id='word_1_344' title='bbox 685 2772 713 2800; x_wconf 89' lang='lat' dir='ltr'>p.</span> <span class='ocrx_word' id='word_1_345' title='bbox 730 2764 802 2791; x_wconf 83' lang='lat'>674.</span> <span class='ocrx_word' id='word_1_346' title='bbox 817 2763 870 2791; x_wconf 84' lang='lat'>55.</span> <span class='ocrx_word' id='word_1_347' title='bbox 912 2761 953 2791; x_wconf 77' lang='grc' dir='ltr'>Οὐ</span> <span class='ocrx_word' id='word_1_348' title='bbox 976 2759 1148 2802; x_wconf 61' lang='grc' dir='ltr'>’γράμματα</span> <span class='ocrx_word' id='word_1_349' title='bbox 1165 2757 1270 2791; x_wconf 62' lang='lat' dir='ltr'>vom-{ov</span> <span class='ocrx_word' id='word_1_350' title='bbox 1290 2758 1321 2796; x_wconf 74' lang='grc' dir='ltr'>ἐξ</span> <span class='ocrx_word' id='word_1_351' title='bbox 1335 2758 1468 2796; x_wconf 69' lang='grc' dir='ltr'>ἀνάγκης</span> <span class='ocrx_word' id='word_1_352' title='bbox 1497 2757 1537 2787; x_wconf 69' lang='grc' dir='ltr'>τὰ</span> <span class='ocrx_word' id='word_1_353' title='bbox 1561 2756 1684 2787; x_wconf 64' lang='grc' dir='ltr'>τοιαῦτα</span> 
     </span>
     <span class='ocr_line' id='line_1_42' title="bbox 187 2799 1683 2844; baseline -0.003 -7"><span class='ocrx_word' id='word_1_354' title='bbox 187 2808 316 2842; x_wconf 53' lang='lat' dir='ltr'>«rixam,</span> <span class='ocrx_word' id='word_1_355' title='bbox 341 2805 447 2837; x_wconf 68' lang='grc' dir='ltr'>εἴδωλα</span> <span class='ocrx_word' id='word_1_356' title='bbox 463 2805 491 2836; x_wconf 71' lang='grc' dir='ltr'>δέ</span> <span class='ocrx_word' id='word_1_357' title='bbox 507 2819 570 2837; x_wconf 70' lang='grc' dir='ltr'>τινα</span> <span class='ocrx_word' id='word_1_358' title='bbox 585 2805 600 2839; x_wconf 70' lang='grc' dir='ltr'>ἦ</span> <span class='ocrx_word' id='word_1_359' title='bbox 619 2806 723 2839; x_wconf 73' lang='grc' dir='ltr'><strong>ἁπλῶς</strong></span> <span class='ocrx_word' id='word_1_360' title='bbox 741 2804 945 2844; x_wconf 70' lang='grc' dir='ltr'>ὲκτυπώματει</span> <span class='ocrx_word' id='word_1_361' title='bbox 961 2805 985 2835; x_wconf 78' lang='grc' dir='ltr'>ἐν</span> <span class='ocrx_word' id='word_1_362' title='bbox 1001 2802 1172 2842; x_wconf 65' lang='grc' dir='ltr'>ὑποκειμένῳ</span> <span class='ocrx_word' id='word_1_363' title='bbox 1188 2802 1306 2835; x_wconf 70' lang='grc' dir='ltr'>εὐτελεῖ,</span> <span class='ocrx_word' id='word_1_364' title='bbox 1329 2799 1442 2841; x_wconf 66' lang='grc' dir='ltr'>λιθιδίῳ</span> <span class='ocrx_word' id='word_1_365' title='bbox 1457 2800 1550 2841; x_wconf 70' lang='grc' dir='ltr'><strong><em>τυχὸν</em></strong></span> <span class='ocrx_word' id='word_1_366' title='bbox 1563 2799 1580 2833; x_wconf 69' lang='grc' dir='ltr'><em>ἢ</em></span> <span class='ocrx_word' id='word_1_367' title='bbox 1594 2800 1683 2837; x_wconf 56' lang='lat' dir='ltr'>{uzn-</span> 
     </span>
     <span class='ocr_line' id='line_1_43' title="bbox 185 2850 481 2889; baseline -0.003 -9"><span class='ocrx_word' id='word_1_368' title='bbox 185 2851 238 2880; x_wconf 57' lang='grc' dir='ltr'>θίω</span> <span class='ocrx_word' id='word_1_369' title='bbox 254 2850 269 2884; x_wconf 65' lang='grc' dir='ltr'><em>ἢ</em></span> <span class='ocrx_word' id='word_1_370' title='bbox 289 2851 404 2889; x_wconf 68' lang='grc' dir='ltr'>τοιούτῳ</span> <span class='ocrx_word' id='word_1_371' title='bbox 421 2850 481 2880; x_wconf 68' lang='grc' dir='ltr'>τινί.</span> 
     </span>
    </p>
   </div>
  </div>
 </body>
</html>
