1856 3235
203 223 297 264 266
666 210 1221 263 PROLEGOMENA.

205 349 326 395 bant
343 346 376 391 ².
432 343 674 391 Nimirum
698 345 786 391 sub
813 342 1041 407 Augusto
1061 353 1111 392 et
1149 344 1369 408 proxima
1392 352 1549 401 aetate,
1577 361 1685 409 quae

212 412 312 459 cito
348 409 512 457 literas
559 409 914 457 Alexandrinas
952 410 1012 456 ad
1036 412 1323 457 tenuitatem
1375 412 1687 473 compendio-

209 492 320 523 rum
344 475 565 538 redigere
593 483 824 539 coeperat‚
859 475 1096 523 lectiones
1123 484 1172 522 et
1196 476 1559 523 emendationes
1582 476 1687 523 illo·
1733 490 1735 493 ·

213 558 321 589 rum
345 540 642 604 aliorumque
666 540 798 587 vario
834 539 1035 588 consilio
1077 549 1321 603 excerptae
1345 559 1373 588 a
1396 540 1559 588 multis
1598 557 1686 604 per

214 606 401 654 Lexica
456 614 505 653 et
558 605 941 654 Commentarios
1002 613 1052 652 et
1110 605 1303 653 Scholia
1351 607 1691 670 dispergeban-

215 680 310 720 tur.
380 671 549 734 Atque
573 672 759 718 utinam
783 669 936 716 ullum
961 687 1021 717 ex
1045 670 1148 717 istis
1171 670 1319 726 libris,
1361 673 1546 719 utinam
1571 672 1692 719 dun-

213 745 350 786 taxat
373 753 523 784 unum
561 735 811 799 Apollonii
845 734 1066 783 Lexicon
1101 735 1345 798 integrum
1381 737 1693 786 haberemus!

215 804 345 852 Nam
390 803 471 866 qui
510 809 680 866 postea
724 801 785 848 ad
826 801 1185 864 compilandum
1223 809 1465 849 venerunt
1519 803 1695 850 minuti

220 867 554 924 Grammatici‚
581 884 707 931 saepe
728 866 891 914 dedita
924 883 1070 930 opera
1092 866 1432 930 neglexerunt,
1459 867 1698 931 quidquid

219 933 557 983 reconditioris
582 933 818 980 doctrinae
843 941 986 990 esset,
1024 933 1122 980 sive
1158 950 1185 978 a
1220 932 1422 996 vulgato
1445 940 1586 980 textu
1624 933 1697 980 sui

220 1000 453 1064 temporis
489 998 715 1046 alienum.
787 998 958 1061 Itaque
992 998 1174 1045 accidit
1208 999 1424 1057 tandem,
1461 1006 1517 1046 ut
1551 1015 1613 1046 ne
1637 998 1700 1046 de

220 1065 457 1131 primariis
498 1064 691 1127 quidem
731 1064 924 1111 Criticis
963 1063 1071 1119 illis,
1109 1081 1136 1110 a
1170 1081 1374 1126 quorum
1409 1065 1702 1112 auctoritate

222 1133 432 1196 primum
466 1130 546 1176 hic
572 1137 736 1176 textus
771 1137 934 1176 noster
968 1129 1197 1186 manavit,
1232 1138 1421 1176 tantum
1456 1130 1595 1177 nobis
1627 1146 1702 1177 su-

223 1198 391 1262 persit,
433 1204 667 1259 quantum
709 1195 770 1241 ad
817 1194 1160 1257 cognoscenda
1205 1211 1371 1241 eorum
1418 1195 1614 1258 ingenia
1653 1203 1704 1242 et

225 1261 516 1310 emendandi
551 1272 703 1308 artem
729 1260 948 1308 sufficiat.
1021 1259 1134 1307 Hoc
1175 1267 1337 1307 autem
1385 1268 1458 1307 est
1480 1259 1620 1316 illud,
1653 1260 1704 1322 in

225 1345 322 1392 quo
347 1344 478 1374 nunc
495 1327 704 1373 maxime
729 1325 972 1373 elaborare
1011 1326 1218 1389 cupiam,
1257 1325 1443 1373 caeteris
1478 1333 1707 1390 opportu-

225 1394 348 1441 niori
374 1393 483 1440 loco
508 1393 778 1449 reservati&
817 1409 925 1455 quae
954 1392 1015 1439 ad
1039 1399 1314 1438 accuratam
1339 1391 1563 1439 notitiam
1605 1390 1708 1442 Ho-

225 1460 516 1507 mericorum
540 1460 862 1521 interpretum
880 1458 1172 1521 pertineant.

294 1525 388 1572 Sed
420 1525 510 1572 etsi
534 1524 650 1570 mihi
687 1523 987 1571 eruditorum
1011 1524 1153 1570 venia
1193 1541 1313 1587 opus
1337 1532 1424 1580 est,
1464 1540 1569 1571 eam
1604 1531 1708 1572 ten-

226 1598 389 1639 taturo
414 1607 531 1646 rem,
564 1590 613 1636 in
652 1606 747 1652 qua
782 1588 1143 1635 callidissimum
1185 1589 1515 1652 conjectorem
1551 1590 1710 1653 saepis-

226 1658 347 1704 sime
373 1656 605 1703 destituat
621 1662 809 1702 servata
826 1653 993 1702 fractis
1011 1654 1280 1718 lacerisque
1296 1655 1471 1702 tabulis
1489 1655 1707 1711 materia,

227 1722 360 1769 haud
405 1722 650 1785 ingratum
688 1728 852 1767 tamen
888 1719 991 1767 fore
1029 1721 1248 1776 arbitror,
1293 1720 1349 1777 si,
1387 1737 1494 1784 quae
1533 1720 1710 1784 passim

227 1787 458 1850 dissipata
479 1785 719 1841 feruntur,
756 1785 973 1832 adhibito
993 1785 1206 1848 quodam
1232 1786 1292 1833 de
1316 1786 1607 1849 gravissimis
1644 1803 1716 1834 re-

229 1854 321 1901 bus
336 1852 527 1916 judicio
552 1852 612 1898 ad
636 1853 830 1899 brevem
873 1859 1189 1914 conspectum
1216 1868 1443 1899 revocare
1485 1859 1708 1915 potuero.

234 1919 311 1966 Ita
335 1918 478 1965 etiam
502 1926 727 1965 crescent
759 1916 1116 1979 quodammodo
1137 1917 1304 1980 copiae‚
1331 1933 1439 1980 quae
1470 1933 1563 1964 nec
1595 1918 1712 1980 ipsae

228 2001 319 2049 per
336 2000 385 2031 se
403 1983 775 2031 contemnendae
808 1990 935 2028 sunt.
1006 1981 1309 2039 Gauderent‚
1334 1990 1469 2046 puto,
1496 1983 1713 2046 magistri

233 2048 524 2105 Orientales,
562 2049 599 2096 si
623 2049 774 2095 tribus
797 2047 917 2095 locis
943 2055 1078 2095 certo
1102 2055 1360 2104 constaret,
1400 2048 1517 2111 quid
1541 2048 1718 2095 Gama-

228 2115 313 2163 liel
338 2124 422 2162 aut
446 2115 564 2162 alius
589 2113 847 2177 superioris
870 2113 1026 2160 aetatis
1052 2113 1224 2160 doctor
1246 2113 1445 2161 Judaeus
1482 2114 1531 2160 in
1571 2113 1714 2162 Mose

231 2189 288 2229 et
314 2180 566 2243 Prophetis
597 2179 801 2244 legerit:
839 2195 926 2226 nos
962 2179 1012 2225 in
1055 2178 1274 2226 Homero
1298 2179 1414 2243 quid
1439 2178 1718 2227 Zenodotus

233 2246 425 2309 legerit,
463 2254 559 2292 400
582 2245 685 2293 fere
724 2244 858 2301 locis,
902 2244 1021 2308 quid
1054 2244 1422 2308 Aristophanes,
1462 2244 1565 2293 fere
1605 2253 1716 2302 200,

230 2311 711 2376 -quid'Aristamhus,
737 2310 845 2375 plus
869 2310 1041 2358 millies
1067 2310 1259 2358 scimus.

278 2453 300 2473 a
321 2443 478 2473 Videlicet
493 2444 525 2473 in
541 2443 723 2483 antiquitate
738 2441 872 2473 versanti
888 2442 1092 2483 cogitandum
1106 2451 1228 2481 semper
1252 2447 1306 2477 est,
1327 2441 1416 2472 illam
1432 2440 1564 2472 caruisse
1585 2441 1624 2471 iis
1648 2443 1719 2472 sub·

239 2486 328 2517 sidiis
351 2486 469 2516 notitiae
484 2486 634 2521 literariae‚
660 2496 729 2526 quae
753 2487 843 2516 nobis
864 2487 930 2517 haec
945 2487 1099 2516 bonarum
1121 2485 1238 2515 artium
1265 2485 1390 2525 publica
1412 2485 1468 2515 lux
1494 2491 1526 2514 et
1546 2491 1723 2516 mercatura

234 2537 334 2570 parat.
379 2530 556 2565 Emathio,
593 2531 786 2571 Παρεκβολὰς
810 2539 882 2559 suas
903 2530 1063 2567 scripturo,
1085 2528 1182 2558 videri
1206 2534 1375 2567 potuerunt
1396 2527 1514 2566 optima
1539 2538 1670 2568 quaequc
1692 2535 1724 2559 et

234 2572 455 2613 antiquissima
472 2572 594 2602 Scholia
610 2573 642 2602 in
659 2580 802 2612 promptu
820 2582 894 2607 esse,
918 2571 995 2602 dum
1012 2571 1187 2612 antiquiora
1202 2577 1233 2601 et
1257 2570 1387 2601 meliora
1409 2569 1476 2600 cod.
1502 2570 1618 2600 Veneti
1645 2571 1724 2602 late·

238 2617 315 2646 bant
330 2615 434 2645 forsan
449 2615 481 2645 in
498 2615 609 2645 vicinia
624 2616 699 2655 ejus.
745 2616 900 2655 Indagare
915 2615 1012 2655 igitur
1027 2614 1109 2651 licet,
1132 2624 1195 2654 quo
1218 2613 1332 2644 saeculo
1356 2613 1434 2643 liber
1448 2612 1560 2653 aliquis
1582 2619 1723 2644 veterum

234 2658 363 2689 desierit.
377 2658 410 2688 in
425 2658 570 2688 manibus
584 2657 671 2698 vulgi
687 2669 760 2694 esse,
785 2669 857 2692 non,
881 2668 944 2698 quo
959 2668 1024 2691 esse
1039 2657 1179 2695 desierit;
1200 2662 1231 2687 et
1256 2663 1292 2687 ut
1317 2656 1447 2697 quisque
1471 2657 1599 2696 scriptor
1621 2662 1724 2688 vetus-

233 2702 300 2735 *tior
314 2707 368 2736 est,
391 2711 429 2731 eo
445 2700 565 2732 facilius
580 2701 608 2731 ei
625 2702 664 2736 id,
687 2702 770 2742 quod
786 2702 824 2732 de
847 2700 1013 2731 Eustathio
1035 2700 1184 2735 dicebam,
1204 2700 1352 2730 accidisse
1367 2698 1542 2738 putandum
1564 2705 1620 2730 est.
1662 2700 1724 2730 Le-

238 2745 284 2774 vis
298 2744 481 2818 iqspeciem
507 2754 556 2775 res
579 2750 634 2781 cst,
659 2745 713 2777 sed
738 2745 828 2786 cujus
844 2743 921 2775 olim
936 2754 1053 2786 magna
1068 2743 1115 2775 vis
1135 2743 1196 2775 fuit
1210 2742 1250 2774 ad
1265 2742 1365 2783 ipsam
1380 2742 1533 2774 rationem
1548 2741 1722 2774 tractanda-

234 2797 310 2819 rum
338 2793 493 2819 netarum.

892 2868 915 2894 5
