1856 3235
714 413 1037 465 ὈΜΗΡΟΥ

530 598 1244 665 ΕΠΙΓΡΑΜΜΑΤΑ.

558 947 599 1007 Ι.
678 957 784 1008 ΕΙΣ
825 955 1220 1008 ΚΥΜΑΙΟΥΣ.

282 1104 363 1155 AI’
370 1100 506 1155 ΔΕῙ
510 1104 642 1156 ΣΘΕ
669 1102 805 1164 {enlm
825 1103 1092 1176 κεχρημένον
1119 1101 1191 1162 ᾖδε
1220 1101 1389 1173 δόμοιο,

279 1175 349 1230 Oc
372 1176 496 1229 πόλιν
523 1177 711 1236 mimam
732 1176 906 1246 Κύμην,
934 1177 1139 1250 ἐξιῶπιδα
1165 1176 1310 1269 κέξην,

277 1252 465 1313 Ναίετε,
495 1251 715 1324 Σαξδηνης
735 1251 853 1303 πόδα.
881 1252 1043 1304 νείατον
1071 1251 1334 1321 ὑψικόμοιο,

274 1325 466 1399 A’possg‘
445 1348 554 1378 οσιον
578 1325 812 1384 πίνοντεςυ
788 1324 896 1399 ὕδωρ
924 1325 1027 1378 Seis
1044 1331 1282 1396 ποταμοῖο,

205 1404 241 1455 5
269 1351 441 1473 ’Έξμεξ
452 1398 720 1460 δινῆενίᾪς,ι
697 1425 740 1452 ον
766 1402 1002 1460 ἀθάνατος
1030 1399 1181 1453 τέκετο
1203 1400 1331 1460 Ζεύς.

278 1541 589 1580 REVEREMINI
610 1547 811 1588 hospitalium
826 1556 998 1579 munerum
1012 1548 1160 1589 indigum
1176 1554 1207 1579 et
1221 1549 1303 1585 tecti,

274 1602 341 1639 Qui
355 1603 466 1633 urbem
481 1601 576 1632 altam
594 1602 725 1643 Cymen,
742 1601 907 1642 pulchram
924 1602 1071 1642 puellam,

271 1657 442 1692 Habitatis
460 1657 615 1688 Sardenes
628 1656 670 1687 ad
684 1656 822 1688 radicem
837 1662 1011 1688 extremam
1022 1656 1184 1694 comantis,

273 1711 425 1743 Divinam
439 1711 580 1742 bibentes
593 1721 707 1751 aquam
723 1710 802 1742 sacri
818 1710 959 1741 fluminis

229 1770 250 1798 5
272 1766 388 1797 Hermi
404 1765 564 1806 profundi,
577 1775 674 1806 quem
688 1765 875 1797 immortalis
889 1765 1000 1807 genuit
1013 1765 1150 1805 Jupiter.

167 1883 243 1915 Ver.
259 1887 288 1916 2.
311 1883 358 1915 Cl.
376 1886 475 1915 Pauw
496 1883 618 1914 volebat
633 1884 658 1914 οἵ
673 1896 705 1914 π.
721 1884 853 1920 αἰπεινὴν,
898 1883 1025 1925 vulgato
1041 1883 1086 1914 mi
1087 1884 1126 1914 2⁸⁴?
1142 1884 1167 1917 ἒς
1179 1881 1256 1918 ἅδην,
1267 1882 1312 1918 οἷς,
1325 1881 1416 1922 cujus
1427 1891 1536 1913 sensus
1557 1881 1630 1912 nul-

126 1926 225 1967 Κύμης
242 1928 277 1970 ἒξ.
300 1941 328 1958 κ.
377 1928 488 1959 Cumae
503 1927 672 1957 formosam
688 1926 794 1958 filiam.
818 1933 856 1957 ut
897 1927 948 1957 lus
972 1933 1027 1958 est.
1094 1929 1230 1958 Sardene
1256 1931 1302 1956 est
1324 1935 1416 1956 mons
1441 1925 1564 1960 AEoliae,
1588 1924 1631 1956 ad

126 1970 353 2010 intelligeretur
364 1970 486 2001 colonia
501 1970 617 2010 Cymae,
631 1970 664 1999 in
679 1970 853 2010 qua,Auc-
897 1971 989 2011 cujus
1014 1969 1134 2000 radices
1158 1970 1263 2000 Cuma
1288 1968 1358 1999 fuit.
1386 1968 1447 1999 vid.
1465 1969 1570 2007 Steph.
1592 1968 1629 1998 in

123 2019 172 2044 tor
190 2013 272 2043 Vitae
290 2014 386 2044 Hom.
397 2013 499 2049 tradit,
511 2014 571 2043 hoc
580 2023 706 2043 carmen
717 2012 851 2051 factum3
895 2014 925 2043 h.
942 2024 969 2043 v.
987 2013 1026 2044 ad
1043 2012 1134 2053 cujus
1147 2012 1230 2043 cives
1253 2011 1287 2042 hi
1300 2011 1444 2042 versiculi
1459 2011 1627 2051 pertinent.

123 2055 287 2096 placetque
304 2056 369 2087 Cel.
388 2058 587 2097 Wesselingio.
633 2056 675 2087 Id
686 2066 760 2086 sane
770 2057 851 2086 mol·
896 2057 938 2087 In
947 2056 1014 2087 Vit.
1031 2057 1129 2087 Hom.
1141 2062 1269 2086 vocatur
1284 2059 1348 2097 Σαρ
1349 2054 1422 2088 δηνη.
1468 2055 1630 2085 Caeterum

124 2100 197 2137 lius,
220 2106 251 2129 et
265 2099 379 2130 melius
391 2100 528 2141 vulgato.
572 2100 617 2130 Et
641 2099 726 2129 idem
741 2106 847 2130 auctor
894 2099 1050 2143 augustus
1036 2109 1104 2140 Jam
1117 2099 1238 2130 editum
1248 2104 1295 2130 est
1305 2098 1340 2128 in
1333 2069 1401 2129 eed.
1415 2098 1630 2128 Amst.1650.

124 2142 175 2177 ait,
191 2143 272 2173 hanc
287 2142 443 2174 coloniam
468 2153 533 2174 esse
556 2143 598 2174 ad
623 2142 794 2173 Sardenem
821 2148 853 2173 et
896 2153 935 2173 ex
953 2143 1112 2173 Herodoti
1127 2142 1198 2173 vita.

124 2185 296 2216 Hermum.
741 2216 745 2219 ,
940 2186 1014 2217 Ver.
1036 2190 1064 2216 4.
1087 2185 1168 2227 θεῖε]
1196 2184 1248 2216 Al.
1276 2186 1314 2223 ξα
1318 2185 1379 2219 νθέ,
1408 2183 1493 2225 quod
1516 2182 1630 2214 melius

168 2229 248 2259 Ibid.
275 2229 405 2271 3311252-302
416 2229 525 2273 κέρως]
550 2229 647 2260 Refer
658 2229 699 2260 ad
718 2229 848 2269 Cymen,
894 2235 983 2269 puto.
1028 2228 1159 2260 Fluvius
1183 2228 1300 2259 aurifer
1327 2228 1407 2258 bene
1418 2229 1526 2269 flavus
1552 2225 1630 2258 dici-

122 2281 142 2301 a
157 2281 218 2312 qua
233 2274 307 2302 urbs
322 2282 436 2303 nomen
451 2273 567 2308 habuit,
585 2283 649 2304 non
658 2273 698 2304 ad
714 2274 832 2303 urbem.
891 2279 950 2304 tur.

167 2314 240 2345 Ver
256 2319 284 2346 5.
309 2316 366 2346 Ναί
367 2329 418 2352 ert,
446 2320 492 2347 Σα
494 2315 585 2359 ρδηνῆς
614 2316 686 2357 etc.]
719 2315 847 2347 Felicis·
936 2316 1010 2348 Ver.
1028 2318 1057 2347 5.
1075 2314 1188 2359 Ἔρις]
1214 2314 1268 2347 ΑΙ.
1281 2314 1382 2358 Ἔβρε,
1399 2313 1490 2345 male.

123 2357 202 2389 sima
226 2365 272 2389 est
297 2359 446 2390 correctio
470 2361 607 2390 Martini
634 2359 695 2390 IV
723 2362 771 2391 17.
787 2369 844 2400 pro

225 2526 295 2579 II.
376 2532 482 2580 ΕΙΣ
524 2533 668 2579 ΤΗΝ
708 2533 961 2580 ΚΥΜΗΝ
1001 2528 1505 2581 ΑΝΑΣΤΡΕΨΩΝ.

275 2674 471 2728 ΑΫΨΑ
499 2675 624 2735 πόδες
650 2699 710 2746 με
739 2675 899 2749 φέροιεν
927 2677 968 2735 ἐς
995 2677 1162 2729 αἰδοίων
1190 2675 1321 2730 πόλιν
1347 2676 1518 2749 ἀνδξῶν.

274 2752 369 2802 Τῶν
397 2751 489 2823 γάξ
517 2752 597 2803 καὶ
625 2750 775 2822 θυμὸς
802 2750 1010 2825 πρόφρων,
1036 2752 1117 2803 καὶ
1142 2755 1276 2822 μῆτις
1303 2752 1479 2826 ἀξία-τη.

273 2887 381 2920 Mox
403 2888 497 2929 pedes
511 2898 563 2920 me
581 2890 719 2921 referant
737 2889 778 2921 ad
794 2891 904 2921 urbem
919 2892 1075 2922 bonorum
1090 2890 1238 2922 virorum.

273 2942 402 2976 Horum
417 2944 501 2976 enim
518 2945 641 2978 animus
657 2945 814 2988 benignus
829 2951 861 2976 et
876 2945 1042 2986 prudentia
1056 2944 1182 2978 eximia,

172 2999 258 3034 Vox..
284 2999 329 3036 V.
843 3004 878 3049 Q
