1856 3235
619 202 1174 256 PROLEGOMENA.
1401 181 1405 184 ’
1558 214 1650 255 219

791 340 1014 390 xxvn.

226 473 550 523 Difficultates
574 471 693 529 illas,
730 489 846 536 quas
886 472 1088 520 mirifica
1126 470 1282 518 forma
1305 479 1356 519 et
1380 470 1643 537 descriptio

156 541 327 588 horum
363 541 463 586 ἐπῶν
498 539 806 602 partiumque
846 538 1097 602 dispositio
1137 537 1321 600 objicit,
1359 537 1639 601 singulatim

157 604 500 668 expendendas
525 613 576 652 et
598 604 820 651 omnibus
844 604 1025 651 viribus
1066 611 1210 667 atque
1252 603 1424 666 opibus
1461 618 1638 667 augen-

157 672 240 718 das
271 670 375 717 aliis
410 670 665 717 mandabo.
757 669 872 717 Feci
919 669 1115 732 quidem
1154 676 1204 716 et
1242 668 1345 731 ipse
1381 676 1642 732 utrumque

152 749 242 799 pro
273 735 402 795 virili>
419 744 572 799 parte,
611 734 780 783 sedulo
815 750 1005 791 cavens,
1042 751 1105 782 ne
1140 733 1258 797 quid
1281 733 1399 780 mihi
1423 733 1642 781 dissimu-

153 801 303 848 larem
341 810 425 848 aut
450 801 627 865 cupide
651 809 869 864 agerem3
908 800 994 847 sed
1017 799 1122 847 haec
1147 799 1470 862 complurium
1499 808 1549 846 et
1572 800 1640 846 di-

150 882 290 914 versa
311 867 389 913 via
410 866 789 930 ingredientium
819 865 990 912 studiis
1024 865 1173 928 digna
1197 878 1315 912 cura
1349 871 1436 920 est,
1472 865 1523 911 in
1545 866 1638 928 pri-

150 932 240 979 mis
280 947 462 987 eorum,
513 932 594 994 qui
635 932 733 978 vim
770 931 968 977 humani
1007 929 1192 993 ingenii
1230 930 1281 976 in
1321 929 1415 977 hoc
1456 946 1638 993 genere

146 996 306 1045 metiri
331 1005 533 1060 possunt
557 1011 617 1044 ex
641 1012 728 1043 suo
752 995 966 1059 ingenio,
1001 1004 1051 1043 et
1065 994 1309 1058 judicium
1333 996 1446 1042 artis
1470 997 1637 1044 subac-

147 1070 253 1110 tum
293 1062 475 1110 habent
517 1062 822 1125 antiquarum
862 1061 1109 1108 literarum
1151 1060 1447 1124 cognitione,
1487 1061 1636 1125 Klop-

149 1128 462 1184 stockiorum,
501 1127 882 1183 Wielandorum‚
919 1127 1218 1174 Vossiorum.
1302 1126 1429 1174 Nam
1466 1127 1635 1191 vulga-

146 1194 277 1241 ribus
302 1192 726 1241 Gallofrancorum
753 1193 1008 1257 praeceptis
1033 1200 1083 1240 et
1105 1191 1323 1239 formulis
1355 1192 1482 1256 epici
1519 1193 1635 1240 Car-

144 1259 288 1306 minis
311 1258 522 1306 faciendi
547 1258 666 1305 nihil
694 1258 755 1305 ad
788 1274 1022 1305 summam
1062 1257 1131 1305 rei
1170 1257 1464 1321 proficimus.
1534 1258 1632 1306 Ne-

146 1341 242 1389 que
267 1325 394 1372 enim
419 1325 531 1372 satis
555 1332 642 1380 est,
680 1324 882 1371 artificia
914 1324 1166 1387 utriusque
1196 1324 1408 1387 corporis
1431 1323 1633 1371 admira-

144 1391 200 1447 ri,
239 1406 346 1454 quae
382 1406 515 1437 nunc
551 1390 731 1446 insunt,
769 1390 1041 1453 primariam
1082 1389 1322 1453 quandam
1364 1397 1414 1437 et
1454 1390 1632 1452 simpli-

145 1472 252 1504 cem
276 1457 428 1520 πρᾶξιν,
463 1456 512 1502 in
538 1456 750 1502 maxima
784 1456 1016 1503 varietate
1056 1471 1216 1502 rerum
1255 1464 1306 1502 et
1342 1464 1631 1502 eventorum

141 1522 323 1584 ubique
348 1521 674 1584 conspicuam,
712 1537 863 1568 unum
889 1529 1053 1569 actum
1078 1537 1139 1568 ex
1175 1521 1400 1568 universa
1432 1519 1631 1569 historia

143 1586 342 1650 Trojani
365 1586 494 1642 belli,
533 1603 683 1634 unum
710 1587 905 1635 heroem
932 1587 1183 1642 selectum,
1221 1586 1406 1649 reliqua
1446 1586 1509 1633 ad
1548 1602 1628 1634 ex-

141 1652 412 1700 ornandum
453 1652 641 1700 scilicet
682 1652 853 1700 callide
890 1653 1198 1716 interposita3
1235 1652 1315 1699 hic
1357 1652 1519 1699 omnia
1563 1652 1626 1699 ad

140 1718 260 1767 iram
285 1717 493 1766 Achillis
518 1718 683 1774 relata,
704 1717 804 1765 illic
828 1718 890 1765 ad
913 1718 1099 1783 Ulyssis
1123 1716 1359 1777 reditum3
1384 1717 1505 1764 nihil
1527 1733 1627 1765 non

138 1857 251 1889 iisdem
265 1857 364 1889 verbis
377 1859 408 1899 ξ.
426 1857 509 1889 VII.
534 1859 601 1889 haec
615 1858 783 1898 leguntur:
809 1859 926 1889 Homer
942 1863 1031 1889 wrote
1045 1869 1063 1888 a
1080 1860 1179 1899 sequel
1192 1858 1231 1896 of
1238 1860 1331 1898 Songs
1341 1859 1405 1889 and
1423 1859 1621 1898 Rhopsodiesr,

135 1907 165 1932 to
180 1902 213 1932 be
227 1912 306 1941 sung
321 1903 358 1942 by
374 1901 555 1942 himsefffar
570 1904 657 1932 small
671 1905 816 1941 eamings
837 1903 901 1932 ancl
921 1904 998 1941 good
1021 1903 1114 1936 chen,
1132 1908 1164 1932 at
1187 1903 1337 1932 Feseivals
1358 1903 1422 1931 and
1445 1903 1527 1932 other
1549 1903 1627 1941 days

134 1943 392 1984 ffMmiment‚·
415 1946 464 1975 the
487 1946 574 1975 Iliad
598 1947 632 1975 he
654 1947 742 1975 made
757 1945 816 1984 for
830 1946 878 1975 tlte
894 1946 978 1979 Men,
1002 1946 1066 1974 and
1088 1946 1136 1975 the
1155 1945 1294 1984 Odysse'is
1307 1944 1365 1984 jbr
1387 1946 1434 1974 tlte
1451 1946 1533 1975 otlzer
1557 1946 1622 1974 Sex.

141 1988 235 2018 These
249 1989 324 2018 Ioose
340 1990 433 2028 Songs
448 1998 523 2018 were
537 1994 588 2018 ποι
605 1989 747 2019 collected
761 1989 893 2027 together
912 1990 947 2018 in
964 1989 1013 2018 tlte
1034 1989 1128 2018 Form
1144 1987 1182 2027 of
1196 1999 1237 2018 an
1251 1989 1334 2027 Epic
1346 1988 1448 2022 Poem,
1471 1989 1520 2017 tiu
1534 1988 1623 2017 about

137 2031 201 2060 500
211 2041 304 2069 years
317 2029 406 2070 oster.
451 2030 536 2066 Quid
559 2031 672 2061 clarius
697 2037 744 2061 est
758 2031 841 2060 hisce
857 2030 979 2060 verbis?
1000 2029 1111 2070 anue
1126 2037 1158 2060 et
1182 2030 1255 2060 satis
1269 2030 1403 2070 cogitate
1425 2030 1545 2069 scripta,
1565 2039 1623 2059 nec

136 2071 245 2102 ardore
260 2072 451 2113 digladiandi
467 2073 541 2103 elisa
557 2083 631 2109 esse,
648 2082 686 2104 ex
701 2074 797 2103 totius
810 2073 871 2103 loci
886 2078 1032 2103 contextu
1048 2078 1182 2112 apparet.
1228 2073 1341 2113 Neque
1351 2079 1456 2102 tamen
1473 2073 1539 2102 haec
1551 2082 1622 2111 pro-

135 2114 229 2145 fessio
245 2115 391 2154 principis
418 2116 614 2151 Criticorum‚
644 2123 706 2146 tam
722 2122 828 2155 aperta
848 2123 973 2157 tamque
988 2116 1200 2146 memorabilis
1224 2122 1347 2155 propter
1361 2116 1465 2154 ipsum
1487 2122 1619 2154 tempus,

135 2167 198 2197 quo
213 2167 281 2188 eam
297 2158 402 2194 edidit,
418 2159 438 2188 i.
453 2169 479 2189 e.
506 2160 613 2199 paucis
628 2160 719 2190 annis
734 2165 803 2199 post
827 2159 984 2189 famosum
999 2169 1079 2198 opus
1095 2159 1238 2194 Perraki,
1261 2169 1316 2189 seu
1331 2158 1415 2199 quod
1441 2169 1477 2188 ea
1491 2158 1525 2188 in
1542 2158 1624 2188 libro

135 2199 333 2240 potissimum
348 2201 499 2243 theologis
513 2202 627 2242 scripto
648 2202 769 2237 latebat,
785 2212 840 2232 seu
855 2201 939 2243 quod
954 2201 1062 2232 multis
1077 2208 1192 2232 temere
1210 2201 1294 2242 jacta
1308 2201 1478 2237 videbatur,
1494 2202 1532 2232 ab
1555 2200 1622 2231 ullo

136 2243 203 2273 viro
230 2243 320 2274 docto
335 2244 375 2274 ad
398 2243 655 2284 disceptationem
678 2252 786 2276 vocata
808 2251 874 2283 κη
895 2245 994 2276 immo
1016 2256 1036 2275 a
1056 2245 1210 2286 plenisque
1232 2245 1359 2284 penitus
1379 2244 1530 2285 neglecta,
1553 2250 1589 2274 ut
1604 2255 1623 2274 a

138 2286 272 2317 Moneta
288 2286 328 2317 ad
345 2287 512 2318 Bailletum
528 2286 565 2318 T.
583 2289 655 2318 III.
674 2289 710 2319 P.
727 2289 755 2319 I.
771 2300 799 2328 p.
816 2292 899 2323 277„
918 2288 1067 2318 Hedelini
1091 2298 1208 2318 caecum
1231 2288 1383 2327 impetum
1406 2294 1559 2322 narrante,
1584 2289 1624 2318 ab

133 2329 210 2364 aliis,
228 2335 262 2359 ut
277 2340 295 2359 a
313 2329 446 2365 Clarkio,
463 2330 575 2371 frigide
590 2338 645 2362 aaut
658 2332 757 2362 tribus
771 2332 871 2362 verbis
893 2331 1079 2366 transmissa,
1098 2342 1116 2361 a
1133 2331 1239 2370 Popiis
1261 2330 1339 2361 adeo
1353 2330 1455 2361 derisa
1483 2331 1620 2364 fortasse.

134 2371 181 2402 At
194 2372 260 2411 ipse
278 2373 445 2407 Bentleius
462 2374 515 2413 qui
531 2374 681 2404 senectuti
695 2386 760 2405 suae
775 2375 912 2405 criticam
928 2375 1139 2405 recensionem
1157 2375 1291 2404 Homeri
1307 2380 1492 2413 seposuerat,
1508 2374 1540 2403 in
1557 2373 1618 2409 illa,

132 2414 166 2444 id
189 2415 273 2455 quod
289 2425 326 2445 ex
353 2416 538 2456 quibusdam
561 2417 684 2457 indiciis
707 2417 828 2458 colligo,
853 2418 926 2448 huic
948 2418 992 2448 rei
1016 2427 1053 2448 ex
1076 2417 1229 2448 industria
1252 2417 1357 2447 lucem
1383 2417 1513 2447 daturus
1540 2425 1615 2447 erat.

135 2458 332 2498 Quapropter
347 2458 436 2489 valde
451 2459 555 2494 miror,
579 2459 665 2495 nihil,
682 2460 766 2501 quod
788 2459 827 2490 ad
842 2461 923 2490 banc
945 2461 1150 2501 quaestionem
1171 2467 1294 2498 spectet,
1310 2460 1438 2499 reperiri
1457 2460 1490 2489 in
1506 2460 1619 2490 criticis

136 2500 225 2531 libris
242 2500 431 2542 Anglorum,
448 2503 501 2543 qui
516 2502 555 2533 de
570 2503 655 2534 illius
670 2503 814 2533 editionis
824 2503 953 2534 consilio
967 2503 1161 2533 mentionem
1177 2503 1306 2533 faciunt„
1351 2503 1523 2544 Digamma
1540 2503 1620 2533 AEo-

135 2542 232 2573 licum
247 2553 320 2574 eum
336 2544 540 2576 reducturum
557 2545 660 2582 fuisse,
686 2546 849 2576 Dawesius
863 2552 894 2576 et
909 2546 963 2576 alii
978 2556 1104 2586 operose
1127 2546 1247 2576 docent.
1293 2546 1373 2577 Haec
1388 2553 1493 2576 autem
1515 2555 1621 2576 narra-

133 2585 178 2616 tio
192 2585 232 2616 de
245 2585 436 2628 digammate
451 2588 529 2618 mihi
546 2598 626 2628 saepe
641 2589 866 2619 dubitationem
882 2589 986 2630 injecit
1001 2588 1086 2619 haud
1100 2589 1209 2624 levem,
1226 2588 1301 2629 quid
1318 2589 1497 2619 Bentleium
1520 2589 1618 2629 conji-

132 2628 213 2659 ciam
228 2628 268 2660 de
281 2631 465 2672 antiquitate
480 2632 639 2671 scripturae
653 2633 836 2662 Graecorum
853 2633 991 2666 sensisse,
1003 2638 1034 2662 et
1044 2632 1157 2673 quibus
1167 2633 1274 2667 causis,
1288 2633 1311 2662 si
1327 2632 1505 2662 Homerum
1521 2632 1617 2670 scrip-

133 2671 208 2702 sisse
219 2674 342 2711 putarit,
358 2675 439 2705 hanc
458 2675 643 2705 Carminum
660 2675 728 2715 ejus
743 2675 866 2713 epicam
882 2675 1014 2705 formam
1026 2680 1114 2705 tanto
1129 2675 1329 2714 posteriorem
1345 2685 1459 2715 ponere
1476 2675 1618 2713 potuerit.

132 2714 241 2745 Velim
257 2715 296 2746 de
311 2716 358 2747 his
372 2717 516 2749 certiores
538 2729 594 2749 nos
608 2719 725 2748 faciant
747 2718 778 2753 ii,
795 2719 850 2759 qui
873 2717 993 2748 aditum
1016 2719 1130 2748 habent
1151 2718 1190 2749 ad
1205 2719 1273 2758 ejus
1298 2718 1471 2749 adversaria
1486 2723 1514 2746 et
1531 2721 1620 2746 notas

133 2754 328 2796 Homericus,
344 2770 414 2801 quae
430 2760 463 2790 in
479 2771 592 2792 manus
610 2761 833 2792 Cumberlandi
850 2761 968 2792 venisse
979 2760 1127 2792 dicuntur
1137 2761 1169 2791 in
1183 2761 1373 2802 Biographia
1390 2761 1529 2791 Britann.
1546 2759 1619 2789 edit.

132 2809 194 2831 nec.
209 2798 283 2832 Vol.
300 2800 348 2833 11.
363 2812 394 2842 p.
408 2806 480 2835 244.
526 2804 614 2834 Nihil
630 2812 683 2839 est,
700 2804 739 2834 de
765 2815 827 2845 quo
843 2804 945 2843 potius
961 2804 1096 2835 Bentleii
1119 2803 1275 2845 judicium
1297 2814 1446 2843 cognosse
1472 2803 1613 2840 cupiam:

132 2849 164 2873 et
181 2843 252 2884 quis
266 2852 329 2876 non
347 2845 431 2877 idem
447 2847 560 2890 cppiat,
576 2848 629 2888 qui
646 2847 840 2879 Phalarideae
861 2848 1075 2878 controversiae
1093 2847 1233 2888 judicem
1250 2847 1354 2877 norit?
1377 2846 1414 2876 Id
1430 2844 1559 2878 dubites,
1576 2855 1617 2874 an

132 2884 224 2960 {lius
233 2887 444 2937 emendationi
470 2889 635 2921 Homerus
657 2896 782 2921 tantum
806 2890 971 2922 debiturus
994 2890 1113 2922 fuisset.
1139 2896 1293 2931 quantum
1311 2889 1462 2920 Horatius
1485 2887 1574 2917 debet
1591 2893 1620 2917 et

161 2938 268 2961 omicn.
