1856 3235
210 191 299 237 176
682 183 1242 234 PROLEGOMENA.

202 327 322 378 test;
360 320 416 376 si,
450 319 664 383 inquam,
698 320 836 369 aliter
861 321 922 368 de
951 321 1024 368 his
1065 321 1305 378 omnibus,
1341 338 1397 369 ac
1437 322 1587 386 vulgo
1619 324 1692 381 fit,

205 385 580 432 existimandum
614 392 708 433 est:
747 387 863 449 quid
886 394 991 434 tum
1017 387 1125 444 elit,
1149 387 1223 434 his
1248 387 1553 435 Carminibus
1577 389 1695 451 pris-

205 451 361 497 tinum
385 452 593 499 nitorem
618 459 667 499 et
689 468 968 515 gelmanam
991 451 1194 499 somnam
1219 469 1352 499 suam
1376 454 1663 501 restitue1e?

272 517 443 564 Paucis
466 517 627 564 verbis
651 517 919 580 significavi
944 533 1018 573 ea,
1043 517 1104 564 de
1129 517 1301 579 quibus
1324 519 1486 581 paullo
1510 528 1620 581 post
1645 527 1696 567 et

205 582 473 630 accuratius
498 581 591 630 alio
624 582 736 630 loco
771 581 1011 628 disseram.
1082 582 1326 637 Quoniam
1367 584 1495 631 enim
1531 584 1695 642 video,

207 648 259 694 in
280 647 352 695 his
387 648 502 694 mihi
539 647 838 710 antiquitatis
873 662 1012 710 paene
1049 647 1204 694 omnis
1239 647 1475 696 firmatam
1511 651 1694 712 opimo-

207 730 320 761 nem
367 712 734 761 convellendam
782 729 903 769 esse,
939 729 1036 775 quo
1081 713 1409 776 incorruptius
1455 731 1576 762 meae
1623 732 1694 762 ra-

207 779 365 826 tiones
389 779 741 842 ponderentur‚
775 794 908 825 nunc
952 777 1192 826 duntaxat
1215 779 1408 842 potiora
1447 788 1696 828 momenta

208 861 373 892 earum
418 844 690 891 summatim
727 851 777 890 et
811 859 1042 906 suspensa
1076 860 1223 890 manu
1258 845 1496 892 tractabo.
1571 846 1696 901 Quae

206 927 354 973 quum
396 909 682 957 intellexero
706 909 906 956 e1uditis
930 925 1029 956 non
1063 909 1276 972 placere,
1310 909 1362 956 id
1405 919 1478 957 est
1505 920 1694 957 contra-

205 977 286 1023 riis
329 975 585 1022 momentis
622 982 671 1022 et
704 975 969 1022 rationibus
1011 974 1204 1030 elevari,
1240 973 1346 1022 haec
1386 976 1568 1038 plimus
1592 976 1697 1039 ipse

204 1041 497 1097 ietractabo,
532 1038 589 1086 τοὶ
625 1040 664 1087 δὲ
700 1042 840 1087 πάντα
877 1040 966 1087 3501
997 1042 1249 1103 μεταμώλια
1284 1043 1395 1088 θεῖεν.
1482 1042 1609 1088 Nam
1645 1049 1696 1090 et

204 1106 323 1153 nihil
363 1106 413 1152 in
452 1106 525 1152 his
560 1105 727 1163 literis,
776 1105 907 1168 quod
948 1113 1119 1152 contra
1160 1122 1468 1153 communem
1511 1108 1696 1170 opinio-

203 1187 316 1218 nem
342 1171 420 1227 sit,
456 1171 878 1233 expavescendum
913 1178 1033 1233 puto
1073 1187 1177 1218 esse
1211 1172 1312 1218 veri
1357 1172 1591 1230 studioso,
1627 1181 1695 1230 et,

204 1237 288 1283 ubi
329 1235 527 1283 historia
567 1243 700 1283 tacet
740 1236 817 1283 vel
852 1236 1091 1293 mussitat,
1126 1235 1357 1283 facillime
1399 1237 1574 1300 cuique
1615 1255 1696 1311 pa-

201 1301 423 1349 tiendum
449 1318 499 1348 se
533 1302 662 1349 vinci
700 1302 759 1348 ab
795 1302 869 1358 iis,
905 1301 987 1364 qui
1027 1302 1281 1349 obscuram
1319 1302 1497 1349 famam
1539 1311 1589 1350 et
1625 1303 1695 1350 in-

204 1375 340 1415 certa
388 1383 549 1414 rerum
585 1367 870 1414 traditarum
916 1367 1121 1440 vestigia
1160 1368 1430 1414 versutiore
1470 1371 1695 1416 acumine

202 1433 511 1496 interpretari
536 1433 706 1480 sciant.
776 1432 834 1479 In
858 1433 950 1480 hac
975 1433 1104 1479 enim
1131 1433 1286 1496 prima
1320 1442 1484 1490 aetate,
1523 1434 1575 1480 in
1600 1451 1696 1498 qua

205 1498 459 1546 Homerici
496 1505 661 1546 textus
696 1499 906 1562 origines
942 1499 1217 1561 quaerendae
1254 1507 1384 1556 sunt,
1420 1499 1501 1546 vix
1542 1507 1694 1548 tenue

195 1563 359 1612 lumen
397 1564 652 1622 habemus3
692 1581 787 1627 quo
811 1571 976 1611 tamen
1005 1572 1090 1611 aut
1126 1564 1282 1627 perite
1316 1564 1574 1623 utendum,
1610 1573 1694 1612 aut

196 1629 425 1703 pleraque
464 1629 698 1677 insecutis
743 1629 1043 1692 temporibus
1076 1628 1209 1677 facta
1240 1646 1494 1694 perperam
1530 1630 1693 1678 existi-

201 1695 321 1742 mari
361 1711 562 1742 necesse
592 1702 679 1742 est.

882 1886 1006 1935 XII.

265 2007 433 2071 Ipsum
467 2007 738 2071 ingressum
767 2008 976 2056 obstruit
999 2007 1137 2056 nobis
1160 1998 1413 2083 proposita
1431 2025 1587 2083 nuper
1610 2011 1691 2057 vel

197 2074 358 2137 potius
405 2081 637 2121 renovata
680 2073 961 2137 gravissima
1007 2074 1209 2137 quaestio
1245 2074 1305 2121 de
1342 2075 1508 2138 primis
1540 2075 1690 2123 initiis

198 2139 442 2187 scribendi
466 2139 596 2203 apud
621 2138 838 2188 Graecos.
909 2139 1007 2188 Sed
1046 2139 1172 2187 hanc
1205 2139 1401 2203 quidem
1427 2149 1482 2188 ut
1506 2141 1692 2188 minore

200 2204 465 2253 offensione
506 2212 723 2269 repetam
764 2213 831 2263 et,
867 2206 904 2252 si
927 2212 1119 2269 potero,
1153 2204 1465 2269 plofligem,
1452 2222 1502 2252 111
1526 2206 1691 2270 primis

199 2269 423 2318 Woodiia
458 2270 714 2334 ingeniosa
738 2242 941 2319 audacia
963 2269 1098 2318 fecit.
1146 2271 1274 2318 Nam
1299 2271 1338 2318 si
1357 2271 1524 2334 ploavi
1541 2272 1688 2320 nostri

238 2416 255 2434 a
272 2409 314 2440 In
329 2409 568 2440 celebratissimo
582 2410 678 2440 libro:
706 2411 758 2441 An
775 2411 877 2450 Essay
894 2421 931 2440 on
957 2412 1006 2440 the
1025 2411 1161 2450 original
1188 2411 1303 2442 Genius
1329 2409 1367 2449 of
1383 2411 1508 2446 Homer,
1533 2421 1591 2441 sec.
1618 2411 1691 2442 edit.

200 2454 292 2484 1775.
314 2453 413 2492 capite
428 2463 473 2488 eo,
497 2453 580 2493 quod
597 2460 641 2483 est
655 2453 694 2483 de
710 2454 849 2483 oratione
864 2459 894 2483 et
910 2453 1050 2483 doctrina
1073 2453 1181 2492 po'e‘tae.
1227 2453 1285 2489 Ibi,
1310 2459 1346 2484 ut
1359 2452 1393 2483 in
1407 2459 1473 2484 toto
1486 2453 1575 2488 libro,
1599 2454 1690 2493 plura

197 2502 273 2527 sunt
288 2496 365 2526 scite
380 2502 410 2526 et
424 2496 549 2536 egregie
564 2495 787 2531 animadversa,
811 2495 871 2525 nisi
894 2496 977 2536 quod
992 2496 1146 2527 subtilitas
1161 2497 1226 2526 fere
1248 2496 1342 2531 deest,
1365 2496 1432 2526 sine
1456 2506 1518 2537 qua
1544 2496 1691 2527 historica

197 2539 368 2578 disputatio
384 2539 555 2578 persuadet,
580 2549 643 2569 non
659 2539 754 2569 fidem
768 2538 851 2569 facit.
896 2539 1002 2579 Igitur
1016 2537 1096 2570 illud
1111 2545 1204 2578 caput
1225 2539 1421 2578 potissimum
1447 2548 1547 2579 nuper
1573 2549 1593 2569 a
1618 2539 1689 2579 plu-

194 2582 281 2612 ribus
296 2581 369 2612 viris
383 2581 481 2611 doctis
495 2582 681 2621 reprehendi
696 2587 728 2612 et
742 2582 904 2622 vulgarem
919 2582 1100 2621 opinionem
1115 2582 1256 2623 adjuvari
1279 2581 1420 2617 vidimus,
1444 2581 1597 2623 singulari
1623 2587 1689 2613 stu-

193 2624 248 2655 dio
262 2635 282 2656 a.
295 2624 521 2664 Wiedeburgio
538 2625 720 2655 Humanist.
741 2625 866 2665 Magaz.
883 2624 921 2655 T.
943 2625 970 2656 I.
993 2636 1021 2664 p.
1040 2628 1109 2655 145.
1132 2635 1195 2665 sqq.
1212 2630 1244 2655 et
1264 2624 1412 2655 Harlesio
1436 2625 1518 2656 Bibl.
1547 2625 1604 2656 Gr.
1628 2626 1688 2656 Fa-

190 2667 266 2698 bric.
282 2667 320 2698 T.
339 2668 368 2699 1.
385 2678 413 2706 p.
431 2671 504 2699 555.
549 2668 694 2703 Quorum
705 2667 826 2708 judicio
841 2677 904 2697 non
922 2667 1113 2706 praetulerim
1129 2677 1238 2698 eorum
1261 2667 1427 2703 levitatem,
1450 2668 1505 2708 qui
1529 2667 1685 2708 ingeniosi

185 2710 288 2751 Angli
303 2710 498 2742 sententiam.
522 2721 585 2745 seu,
610 2716 646 2740 ut
661 2711 726 2749 ipse
741 2710 823 2746 dicit,
847 2710 1058 2750 conjecturam
1075 2710 1259 2750 simpliciter
1273 2711 1472 2749 repetierunt,
1497 2711 1571 2741 vel*
1562 2721 1595 2741 m
1612 2721 1685 2741 eam

184 2753 279 2784 ablati
295 2759 369 2784 sunt
384 2754 515 2793 propriis
528 2753 690 2789 erroribus,
714 2759 864 2793 tanquam
880 2759 988 2784 auctor
1002 2753 1117 2784 libelli:
1143 2755 1216 2796 Con]
1211 2755 1333 2784 ecem-al
1359 2754 1565 2785 observatiam
1580 2765 1619 2784 οη
1634 2755 1684 2784 tlte

189 2797 374 2836 Originum!
391 2799 535 2837 Progress
551 2796 589 2836 of
605 2798 785 2836 Alphabetic
815 2798 953 2836 Wwdting,
972 2807 999 2835 p.
1015 2800 1066 2828 99.
1111 2797 1301 2836 Quanquam
1327 2795 1377 2826 hic
1402 2802 1500 2827 artem
1525 2796 1680 2828 scribendi

185 2845 309 2870 tantum
324 2841 457 2870 heroum
474 2839 719 2870 Homericorum
735 2839 945 2875 saecu10‚nou
962 2839 1106 2869 Homero
1121 2845 1263 2878 ereptum
1280 2839 1364 2876 ibat;
1385 2839 1437 2870 ille
1456 2849 1527 2870 eam
1551 2839 1680 2870 tandem

186 2881 255 2913 circ.
273 2886 344 2914 554.
368 2893 387 2913 a
413 2882 486 2914 Chr.
503 2882 713 2923 vulgatiorem
739 2883 853 2914 saetam
877 2892 942 2913 esse
968 2883 1104 2922 putabat.
1150 2882 1253 2913 Docte
1273 2888 1380 2913 autem
1405 2888 1498 2924 atque
1524 2882 1682 2924 eleganter
