1856 3235
585 191 1081 242 PROLEGOMEN
1084 193 1147 239 A.
1521 200 1540 239 1
1551 201 1612 241 85

189 327 352 391 Magis
375 332 536 373 autem
580 323 892 371 Herodotum
916 323 1063 370 miror
1087 323 1137 368 in
1162 339 1237 379 eo,
1274 323 1405 386 quod
1431 323 1525 371 tria
1558 323 1613 370 ss-

122 390 170 440 la
193 394 551 456 epigrammata,
589 405 698 452 quae
733 389 916 437 ibidem
957 405 1018 435 ex
1059 387 1377 436 anathematis
1410 388 1612 437 Ismenii

124 457 367 521 Apollinis
408 455 541 519 apud
581 454 841 502 Thebanos
881 453 1185 517 transcripsit
1205 457 1238 509 ²,
1286 454 1508 517 proxime
1549 455 1612 503 ad

123 523 293 571 Cadmi
333 529 527 569 aetatem
551 520 776 577 retrudit,
815 528 866 568 et
908 520 1127 567 Homero
1161 519 1316 567 tribus
1342 527 1611 583 quatuorve

120 588 306 636 saeculis
338 587 501 650 priora
539 586 674 634 facit.
745 586 1043 650 Acceperat,
1077 586 1263 649 opinor,
1301 585 1370 632 ita
1410 602 1437 632 a
1477 602 1611 633 mon-

119 653 401 700 stratoribus
413 672 426 711 3
463 650 615 700 refert
651 669 712 700 ex
737 669 890 710 more,
926 651 1059 716 quod
1093 659 1352 715 acceperat
1363 671 1377 709 3
1416 659 1467 698 et
1505 651 1610 698 inu-

119 719 259 765 sitata
281 717 435 765 forma
457 717 708 765 literarum
729 717 917 766 fecerat
945 717 1113 765 fidem:
1153 734 1246 765 nec
1288 717 1488 780 ingenia
1526 717 1611 764 illo

116 791 335 846 tempore
368 780 583 831 >subacta
627 791 766 831 erant
810 784 981 830 harum
1027 800 1188 831 rerum
1221 781 1428 847 judicio.
1514 782 1611 829 Sed

117 849 249 912 quod
272 865 335 897 ne
359 849 506 897 hodie
530 849 727 912 quidem
752 849 835 896 illa
868 848 999 896 fraus
1038 865 1207 896 eorum
1249 847 1336 895 ulli
1378 848 1609 911 suspicio-

114 931 227 962 nem
251 915 417 970 movit,
456 915 538 978 qui
565 914 801 978 cujusque
826 915 982 962 aetatis
1007 914 1276 962 orationem
1317 914 1481 961 subtili
1507 922 1609 961 arte

115 980 415 1044 distinguere
441 989 748 1037 consuerant,
785 980 837 1027 id
861 980 974 1028 satis
998 980 1161 1027 mirari
1201 996 1409 1042 nequeo.
1479 980 1608 1047 Nam

113 1046 270 1094 acrius
295 1046 428 1102 mihi,
467 1063 645 1110 quaeso,
683 1046 899 1093 animum
933 1045 1136 1094 intende
1175 1045 1237 1093 ad
1277 1045 1469 1093 illorum
1505 1062 1609 1093 ver-

114 1128 254 1159 suum
279 1129 467 1168 sonum,
506 1129 715 1175 eumque
741 1129 968 1175 compara
992 1129 1105 1160 cum
1132 1112 1378 1170 Homero;
1416 1120 1501 1159 aut
1539 1111 1609 1158 ni-

112 1177 181 1224 hil
204 1178 255 1224 in
281 1177 510 1242 Orphicis
535 1178 864 1225 adulterinum
890 1178 1117 1241 reperies,
1155 1185 1241 1225 aut
1263 1177 1370 1225 illos
1399 1178 1462 1225 ad
1506 1176 1609 1224 Ho-

112 1243 280 1291 merici
304 1243 352 1290 h.
380 1261 421 1291 e.
449 1244 667 1291 cultioris
693 1244 850 1291 Ionici
876 1244 1108 1292 sermonis
1146 1243 1468 1291 imitationem
1509 1241 1608 1291 fac-

111 1315 188 1356 tos
213 1326 331 1365 esse,
370 1318 419 1356 et
443 1311 501 1357 ab
537 1309 642 1365 ista,
681 1326 790 1373 quae
827 1308 998 1366 fertur,
1042 1304 1286 1357 vetustate
1326 1309 1521 1373 longius
1562 1327 1608 1356 a·

110 1376 249 1423 besse
275 1375 531 1423 concedes.
602 1375 718 1423 Non
759 1383 925 1423 movet
966 1392 1060 1432 me,
1099 1375 1231 1439 quod
1255 1374 1377 1422 nihil
1401 1383 1501 1423 tam
1526 1392 1607 1422 an-

111 1441 300 1504 tiquum
335 1448 508 1497 exstat,
549 1441 687 1505 cujus
720 1441 1037 1489 contentione
1078 1458 1154 1489 res
1194 1441 1604 1504 deprehendatur.

112 1506 235 1562 Quis
260 1506 405 1562 enim,
441 1507 653 1569 primum
692 1507 862 1555 videns
898 1507 1120 1554 adultum
1161 1507 1409 1555 hominem
1453 1515 1504 1557 et
1536 1507 1607 1555 in-

108 1579 247 1636 tegra
270 1571 623 1635 magnitudine,
646 1572 834 1620 discere
860 1572 1025 1636 cupiat
1048 1589 1110 1620 ex
1141 1572 1262 1637 ipso,
1301 1573 1446 1636 quali,
1473 1590 1606 1622 men-

109 1655 217 1686 sura
240 1636 404 1694 fuerit,
442 1655 593 1702 quum
621 1639 673 1685 in
715 1638 969 1686 cunabulis
1006 1644 1161 1687 esset?
1214 1638 1462 1695 Quocirca
1501 1647 1605 1687 tan-

108 1713 213 1752 tum
237 1705 387 1760 abest,
425 1714 482 1752 ut
506 1721 619 1752 cum
652 1704 692 1751 I.
720 1704 784 1752 G.
812 1704 988 1752 Vossio
1008 1712 1025 1737 b
1064 1705 1252 1753 caeteris
1288 1705 1607 1769 scriptoribus

110 1769 402 1818 oblivionem
427 1778 512 1817 aut
548 1770 874 1834 ignorantiam
898 1770 1139 1834 objiciam,
1178 1771 1310 1835 quod
1350 1771 1458 1819 haec
1504 1778 1606 1819 tam

107 1836 315 1899 insignia
337 1844 657 1884 monumenta
680 1836 935 1900 scripturae
967 1837 1265 1884 transierunt
1301 1836 1511 1894 silentio,
1548 1845 1607 1886 ut

109 1902 253 1949 etiam
279 1918 339 1949 ex
364 1903 458 1950 hoc
483 1903 588 1966 ipso
622 1903 946 1951 dubitandum
987 1910 1173 1966 putem,
1211 1919 1272 1950 an
1316 1903 1604 1952 Herodotus

107 1967 228 2015 illud
244 1967 491 2031 judicium
516 1985 654 2015 suum
684 1968 879 2016 Criticis
921 1984 1020 2016 suae
1057 1969 1268 2016 nationis
1307 1969 1601 2033 probaverit.

111 2032 348 2096 Idemque
373 2034 434 2082 de
457 2034 654 2098 reliquis
679 2034 1093 2098 inscriptionibus,
1131 2052 1248 2099 quas
1283 2034 1509 2082 nonnulli
1541 2050 1603 2084 ex

106 2098 482 2164 eodem—templo
504 2099 772 2164 produntc,
811 2100 1126 2148 statuendum
1152 2118 1253 2149 esse
1281 2101 1500 2149 arbitror.

145 2252 167 2272 a
189 2241 359 2283 Subjiciam
375 2253 419 2279 ea,
443 2251 486 2280 ut,
503 2245 578 2286 quid
594 2244 697 2281 velim,
717 2255 756 2276 ex
771 2245 829 2276 hac
845 2244 959 2287 pagina
974 2251 1132 2285 appareat:

319 2319 346 2349 Ῑ.
369 2321 548 2362 Ἀμφιτρύων
561 2323 594 2360 μ’
610 2321 760 2358 ἀνέθηκεν,
784 2321 830 2351 Idm
845 2321 905 2352 dor-3
929 2322 1105 2357 Τηλεβοάων.

298 2362 345 2392 II.
371 2364 475 2397 Σκαιός
491 2364 686 2403 πυγμαχέων
699 2377 736 2403 με
753 2364 883 2404 ἓκηβᾶλῳ
896 2365 1062 2396 Ἀπόλλωνι

371 2406 484 2440 νικήσας
501 2407 623 2439 ἀνίθηκε
639 2407 697 2437 τεῒν
713 2408 889 2449 περικαλλὲς
906 2409 1050 2447 ἄγαλμα.

275 2448 347 2479 III.
373 2448 528 2486 Λαοδάμας
545 2449 653 2492 ‘rgioeo‘o'
668 2451 754 2480 aava,
768 2451 899 2490 ἒῦσκότῳ
912 2451 1078 2482 ’Λτόλλωνι

370 2492 552 2535 μουναρχέων
563 2493 688 2526 ἀνέθηκε
705 2493 762 2523 τεῒν
779 2495 963 2536 πεξικοιλλές
981 2496 1124 2535 ἄγαλμα.

102 2569 144 2600 In
166 2569 267 2609 primo
281 2579 371 2599 versu
388 2579 444 2608 pro
460 2569 544 2610 vulg.
566 2570 612 2600 ἐὰν
628 2570 751 2609 reposui
772 2579 845 2600 cum
871 2571 1034 2601 nonnullis
1051 2571 1096 2602 ἰὼν
1111 2571 1131 2602 i.
1147 2581 1173 2602 e.
1193 2571 1280 2603 ἰωήν.
1327 2571 1456 2603 Caeteris
1480 2572 1603 2612 conjec-

101 2612 181 2642 turis
197 2612 247 2642 vix
262 2612 350 2643 locus
364 2619 410 2643 est
417 2625 426 2650 ;
449 2613 582 2643 minime
596 2613 635 2648 ei,
658 2623 752 2654 quam
768 2619 838 2652 post
855 2613 1035 2644 Bentleium
1052 2624 1154 2654 nuper
1168 2614 1276 2655 plures
1302 2615 1452 2650 fecerunt,
1478 2616 1602 2647 ἀνέθηκε

101 2655 171 2686 νέω.
217 2655 323 2686 Dandi
340 2656 477 2695 primum
494 2662 584 2686 erant
599 2662 740 2686 auctores
755 2657 852 2698 hujus
866 2656 976 2687 formae
991 2657 1099 2688 activae
1123 2665 1237 2698 praeter
1264 2658 1495 2690 Grammaticos
1510 2667 1603 2697 quos-

100 2697 174 2729 dam
191 2704 221 2728 et
236 2706 417 2738 corruptum
434 2709 556 2730 versum
574 2699 696 2740 Hymn.
715 2700 814 2730 Hom.
830 2700 864 2730 in
883 2700 953 2731 Cer.
967 2704 1041 2732 595.

142 2742 163 2771 b
187 2741 238 2772 De
256 2741 332 2772 Arte
347 2752 479 2782 gramm.
495 2743 522 2773 Ι.
543 2746 589 2773 10.
606 2753 634 2781 p.
647 2747 697 2774 50.

141 2794 159 2814 c
184 2784 228 2815 Ut
245 2784 382 2815 Pausan.
402 2785 462 2815 IX.
483 2789 529 2816 ll.
579 2785 712 2816 Illorum
735 2796 883 2817 versuum
911 2786 1083 2819 novitatem
1101 2787 1194 2828 plane
1218 2787 1323 2828 prodit
1346 2797 1410 2818 una
1435 2785 1605 2817 contractio

98 2827 200 2868 ἐαυτῷ.
247 2827 314 2858 Nec
329 2828 490 2869 antiquius
508 2836 553 2860 ωε
569 2829 764 2870 epigramma
786 2829 867 2861 illud
891 2841 938 2871 ap.
956 2831 1088 2863 Aristot.
1105 2832 1222 2862 Mirab.
1242 2834 1340 2862 Ausc.
1361 2833 1430 2861 145.
1476 2830 1530 2859 An
1546 2827 1604 2858 ali.

97 2869 363 2911 terjudicandum
379 2871 418 2902 sit
431 2871 473 2904 de
487 2872 741 2913 inscriptionibus
767 2873 902 2904 aliorum
928 2874 1128 2915 templorum,
1154 2885 1232 2917 quas
1256 2880 1374 2905 veteres
1398 2871 1513 2913 passim
1540 2878 1602 2902 tra-

145 2924 234 2961 Vor..
258 2926 303 2962 V.
816 2927 852 2964 A
876 2941 897 2964 a
