1856 3235
603 196 1165 246 PROLEGOMENA.
1562 209 1581 247 1
1592 206 1655 247 99

158 338 401 386 diversum
440 331 724 382 testantium
766 330 1074 386 auctoritate,
1118 328 1197 378 vel
1222 346 1291 386 ea,
1337 347 1446 395 quae
1487 349 1654 380 omnes

161 403 378 451 omnium
401 398 715 446 auctoritates
743 395 941 460 frangit,
984 396 1188 452 ratione,
1216 396 1346 459 apud
1381 398 1655 460 prudentis-

161 469 335 516 simum
359 480 601 529 quemque
626 479 816 526 semper
838 463 1103 525 plurimum
1127 461 1295 509 valuit.
1365 463 1395 511 J
1399 480 1474 510 am
1499 464 1537 511 si
1560 464 1655 511 for-

163 541 214 581 te
238 532 334 580 tale
357 545 456 578 non
479 529 629 577 fuerit
650 528 774 575 illud
811 528 1032 584 Homeri,
1057 527 1268 575 libenter
1286 527 1538 577 audiemus
1557 546 1654 586 eOS,

158 616 187 646 a
210 598 381 662 quibus
406 595 697 643 remittimur
715 594 777 641 ad
800 594 917 642 alios
940 599 1124 658 po'etaS,
1152 609 1272 657 quos
1297 610 1445 657 quum
1470 594 1656 658 liqueat

161 663 458 712 tritissimam
482 661 708 708 habuisse
733 668 887 708 artem
912 659 1173 716 scribendi,
1201 676 1369 707 eorum
1393 659 1558 724 plures
1582 669 1653 708 ta-

155 745 268 777 men
294 743 532 791 nusquam
555 725 684 773 illius
707 726 1009 774 mentionem
1025 725 1192 789 jacere
1212 725 1448 773 videmus.
1487 726 1652 782 Quan-

155 811 298 858 quam
336 792 499 857 paullo
535 792 724 839 diversa
760 791 978 839 conditio
1014 792 1209 839 videtur
1250 809 1353 839 esse
1393 791 1567 839 horum
1606 801 1657 840 et

158 859 517 907 Hesiodeorum
545 857 842 905 Carminum.
913 858 1043 904 Nam
1079 874 1228 921 quum
1253 858 1304 904 in
1341 865 1477 905 tanta
1499 858 1657 923 longi-

153 925 328 973 tudine
351 924 545 972 illorum
569 931 646 971 tot
669 923 1085 971 consuetudinum
1110 931 1159 971 et
1183 923 1448 971 celebrium
1478 924 1658 972 artium

152 992 359 1056 picturae
382 991 586 1038 intextae
610 989 721 1046 sint,
747 990 799 1036 in
822 989 988 1053 primis
1014 1006 1193 1045 earum,
1221 1006 1330 1054 quae
1353 990 1437 1037 illo
1468 998 1655 1055 tempo-

155 1074 208 1105 re
246 1057 454 1120 aliquam
496 1055 923 1104 admirabilitatem
963 1073 1023 1103 ex
1049 1056 1266 1103 novitate
1305 1056 1557 1113 haberent,
1600 1057 1655 1104 in

158 1122 419 1171 Hesiodeis
444 1130 607 1169 autern
626 1138 804 1185 magna
825 1138 934 1185 pars
960 1122 1242 1169 domesticae
1266 1121 1536 1186 disciplinae
1559 1130 1655 1170 tra-

157 1189 315 1245 datur,
351 1188 465 1252 jure
489 1187 764 1251 meritoque
801 1187 991 1244 mirere,
1019 1188 1058 1235 si
1081 1196 1257 1236 neuter
1291 1187 1558 1236 utilissimae
1583 1189 1654 1236 rei

158 1255 446 1302 meminerit.
515 1253 692 1316 Neque
716 1270 832 1301 vero
857 1253 970 1300 satis
995 1254 1186 1300 firmum
1221 1270 1308 1317 per
1333 1271 1383 1301 se
1409 1262 1535 1302 esset
1558 1255 1656 1303 hoc

157 1330 516 1385 argumentum,
561 1327 646 1366 aut
671 1319 889 1383 dignum,
925 1320 976 1366 in
1002 1336 1098 1383 quo
1134 1327 1390 1384 tantopere
1415 1337 1466 1368 se
1498 1319 1655 1385 jacta-

156 1395 268 1434 rent
302 1386 392 1433 viri
430 1385 577 1434 docti.
648 1385 798 1442 Quod
834 1386 964 1434 enim
999 1386 1067 1433 ita
1103 1403 1153 1433 se
1196 1385 1396 1434 credere
1433 1385 1652 1435 fatentur

154 1452 339 1500 nullam
365 1461 517 1499 artem
545 1451 765 1500 Homero
788 1450 937 1500 fuisse
963 1452 1226 1516 cognitam,
1254 1469 1362 1516 quae
1386 1453 1517 1516 apud
1541 1470 1656 1501 eum

155 1535 254 1566 non
280 1518 573 1574 inveniatur,
595 1518 874 1565 retunditur
892 1518 999 1566 haec
1017 1517 1141 1565 ratio
1161 1517 1395 1582 exemplis
1413 1518 1655 1567 variarum

155 1585 348 1639 artium,
376 1600 493 1647 quas
518 1583 653 1630 nullo
677 1583 788 1632 loco
811 1583 992 1642 laudat,
1021 1600 1224 1647 quarum
1249 1591 1415 1631 tamen
1439 1584 1548 1632 talis
1573 1602 1655 1633 na-

153 1657 265 1697 tura
289 1657 376 1706 est,
404 1658 460 1696 ut
484 1649 603 1706 aliae,
632 1666 747 1714 quas
772 1666 900 1713 saepe
925 1650 1156 1706 celebrat,
1182 1649 1286 1698 sine
1304 1649 1396 1697 illis
1422 1651 1656 1700 exsistere

155 1724 207 1764 et
231 1715 476 1764 cohaerere
500 1732 599 1763 non
624 1716 914 1779 potuissent.

222 1782 487 1845 Pergamus
523 1782 585 1829 ad
623 1782 768 1839 aliud,
813 1782 948 1846 quod
984 1783 1137 1845 magis
1180 1783 1402 1831 continet
1442 1800 1653 1833 causam.

155 1848 452 1895 Dubitatum
476 1856 552 1895 est
577 1847 691 1895 olim
712 1858 744 1904 ²,
771 1865 833 1895 an
857 1865 1001 1896 usum
1026 1849 1263 1896 elixarum
1281 1850 1499 1897 carnium
1523 1852 1654 1900 norit

160 1914 420 1961 Homerus.
491 1915 608 1961 Non
651 1914 780 1961 enim
803 1914 952 1963 habet
987 1916 1192 1963 verbum
1227 1916 1354 1976 ἕψειν,
1399 1933 1499 1964 non
1523 1916 1656 1965 aliud

156 1980 413 2044 potestatis
438 1979 682 2043 ejusdem3
719 1981 914 2028 nonnisi
938 1997 1042 2028 assa
1082 1982 1284 2046 apponit
1317 1982 1511 2030 mensis.
1583 1983 1657 2031 At

158 2062 274 2093 vero
297 2046 380 2109 qui
402 2045 482 2093 illa
509 2045 566 2093 Il.
611 2044 670 2105 φ’.
698 2053 810 2093 362.
849 2045 1033 2111 Odyss.
1058 2046 1121 2110 μ’.
1163 2056 1274 2099 237.
1301 2049 1483 2096 cecinit
1524 2057 1574 2096 et
1597 2049 1657 2097 si-

161 2111 294 2158 milia
317 2111 378 2159 de
401 2111 643 2160 lebetibus
667 2112 770 2177 igni
794 2112 980 2176 imponi
1015 2113 1183 2169 solitis,
1209 2130 1328 2162 num
1362 2115 1402 2161 is
1428 2115 1657 2178 coquina-

163 2177 283 2224 riam
307 2193 408 2224 rem
433 2178 628 2241 penitus
652 2178 878 2242 ignorare
900 2179 1092 2242 potuit?
1126 2180 1235 2228 Nec
1261 2180 1328 2236 id,
1355 2181 1542 2244 opinor,
1570 2181 1656 2229 du-

160 2243 383 2291 bitabant
427 2251 631 2301 veteres,
682 2245 764 2308 qui
810 2244 942 2291 illam
999 2246 1317 2309 quaestionem
1375 2248 1654 2296 movebant.

161 2308 404 2373 Pingendi
441 2318 609 2367 artem,
651 2327 760 2374 quae
784 2327 844 2358 eo
885 2312 1084 2359 nomine
1111 2311 1260 2377 digna
1301 2312 1376 2369 sit,
1406 2312 1654 2362 Homerus

161 2375 344 2422 nullam
386 2376 522 2423 novit
540 2377 583 2435 ¹³3
622 2376 813 2424 textilia
853 2385 903 2425 et
945 2386 1263 2442 cognatarum
1298 2379 1474 2426 artium
1511 2397 1659 2444 opera

160 2449 398 2489 memorat
421 2441 588 2498 multa,
630 2443 871 2505 picturam
912 2443 1110 2491 nullam.
1182 2445 1309 2492 Nam
1335 2446 1440 2509 quis
1476 2462 1655 2493 nomen

161 2506 256 2555 hoc
298 2507 517 2571 imponat
556 2508 764 2556 rubricae
804 2509 1001 2557 navium
1041 2518 1126 2558 aut
1164 2511 1429 2575 pigmentis
1471 2512 1659 2560 Caricae

161 2572 372 2621 mulieris
389 2577 421 2630 ⁰,
449 2574 667 2637 quamvis
694 2591 781 2638 per
804 2574 887 2622 illa
909 2576 1036 2624 veris
1059 2576 1263 2641 picturis
1291 2577 1541 2642 prolusum
1567 2578 1659 2625 sit?

203 2722 223 2742 a
244 2712 425 2754 Vestigium
441 2721 581 2754 superest
596 2724 644 2753 ap.
663 2715 780 2745 Athen.
798 2714 825 2745 1.
842 2725 870 2754 p.
888 2718 937 2746 ⁴25.
954 2714 996 2746 D.

203 2755 226 2785 b
250 2755 301 2785 lta
315 2763 397 2787 recte
414 2757 498 2788 Plin.
530 2758 674 2788 XXXV.
691 2762 721 2788 3.
741 2764 816 2788 extr.
863 2758 925 2788 Cui
941 2758 1010 2789 loco
1035 2767 1100 2789 non
1117 2758 1304 2794 adversatur,
1332 2765 1368 2789 ut
1382 2759 1510 2800 quidam
1537 2765 1657 2798 putant,

163 2796 243 2828 alius
257 2798 397 2838 ejusdem
413 2801 522 2840 operis,
542 2801 716 2832 XXXIII.
733 2804 771 2837 7.,
788 2802 845 2832 etsi
860 2801 990 2832 fortasse
1011 2812 1049 2832 ex
1065 2802 1187 2833 diverso
1201 2803 1349 2842 scriptore
1364 2803 1486 2842 petitus.
1534 2803 1658 2833 Confir-

164 2846 230 2870 mat
241 2851 308 2871 rem
323 2842 450 2874 historia
471 2845 587 2875 artium
601 2844 686 2883 apud
704 2845 839 2881 Graecos,
857 2844 897 2875 ad
912 2845 1002 2885 cujus
1016 2845 1180 2885 scriptores
1193 2846 1400 2876 amandamus
1416 2846 1571 2875 lectorem.

204 2893 222 2913 c
234 2884 285 2958 .ὲὶ
300 2884 334 2916 δ’.
352 2889 420 2918 141.
437 2897 500 2930 sqq.
515 2889 584 2922 Νῆις
600 2888 743 2926 μέλαιναι,
759 2889 971 2932 μιλτοπάρῃαι,
985 2891 1199 2931 φοινικοταίρῃαι
1215 2889 1386 2920 notissimae
1400 2895 1474 2919 sunt
1495 2899 1533 2919 ex
1549 2888 1658 2920 mulfis

164 2936 242 2957 Tem
265 2937 311 2959 us·
