1856 3235
219 201 309 241 194
670 190 1230 241 PROLEGOMENA.

214 321 646 372 conscribendorum
692 325 913 371 librorum
959 324 1146 387 quaeris,
1189 322 1310 370 illud
1356 322 1704 371 removendum

221 404 322 437 non
347 405 450 436 esse
475 405 502 436 a
526 388 760 445 Thaletis,
800 389 1002 445 Solonis,
1042 389 1277 436 Pisistrati
1313 396 1364 436 et
1397 405 1580 443 eorum,
1622 389 1704 451 qui

220 454 472 517 Sapientes
496 454 816 518 appellantur,
842 462 1001 509 aetate,
1027 455 1058 501 i.
1086 471 1128 501 e.
1154 471 1212 501 ea
1235 471 1330 518 qua
1364 454 1515 501 oratio
1550 460 1707 500 metro

219 519 340 568 solvi
365 519 530 583 coepit,
554 521 623 567 ita
644 520 887 583 significat
909 520 1048 567 nobis
1070 519 1270 567 historia
1303 520 1478 566 artium
1514 518 1709 566 Graeca-

220 602 329 633 rum
353 585 585 641 omnium,
610 594 668 632 ut
689 584 942 632 infantiam
983 601 1118 631 suam
1143 584 1280 631 obliti
1302 585 1470 649 populi
1494 583 1708 632 testimo-

220 652 354 699 nium
377 651 577 698 minime
602 650 977 698 desiderandum
1004 649 1237 697 videatur.
1687 679 1690 682 »

287 719 368 765 De
416 717 607 764 cultura
651 732 806 779 prosae
844 715 1088 770 orationiS‚
1130 715 1333 763 ineunte
1376 715 1554 763 saeculo
1594 720 1708 761 ante

223 783 338 831 Chr.
381 782 473 829 VI.
511 798 538 828 a
571 780 790 845 pluribus
831 789 882 829 et
920 782 1025 844 ipso
1052 780 1227 828 Solone
1267 780 1509 837 inchoata,
1554 780 1713 842 deque

225 849 381 896 causis
404 847 518 895 novi
558 847 742 911 incepti
766 847 888 894 nihil
921 847 1002 894 hic
1025 846 1182 894 habeo
1220 846 1406 894 dicere:
1445 854 1496 894 et
1519 861 1627 909 quae
1651 860 1714 891 ex

224 921 448 961 veterum
487 912 608 960 locis
642 913 822 960 hauriri
861 919 1079 977 possunt,
1118 912 1250 959 dicta
1291 919 1404 959 sunt
1445 911 1626 959 omnia:
1664 916 1715 956 at

224 995 373 1027 unam
414 995 531 1034 rem,
576 979 666 1026 etsi
705 979 756 1025 in
799 977 1082 1041 conjectura
1120 977 1343 1041 positam,
1370 976 1579 1032 afferam,
1622 974 1715 1022 nisi

226 1044 389 1092 omnia
411 1059 489 1090 me
513 1042 704 1100 fallunt,
730 1043 1033 1091 utilissimam
1070 1043 1185 1090 huic
1228 1042 1482 1106 quaestioni
1522 1048 1715 1088 nostrae.

223 1110 354 1158 Nam
378 1109 573 1156 videtur
595 1108 739 1172 plane
763 1125 964 1155 necesse
999 1124 1117 1163 esse,
1143 1115 1200 1155 ut
1222 1116 1343 1163 tum,
1370 1123 1517 1170 quum
1552 1104 1718 1153 Graeci

225 1176 463 1238 impetum
500 1180 733 1235 caperent
771 1173 968 1220 vincula
1006 1173 1211 1219 metrica
1234 1172 1500 1219 revellendi
1538 1180 1588 1219 et
1610 1188 1719 1234 pro-

225 1256 327 1287 sam
353 1238 614 1294 condendi‚
642 1239 754 1286 sat-is
787 1237 889 1301 jam
914 1237 1143 1301 expedita
1181 1236 1331 1285 fuerit
1354 1237 1607 1300 scriptoria
1646 1252 1720 1283 ars

225 1312 520 1369 suppetente
544 1303 688 1367 copia
708 1304 1160 1359 instrumentorum,
1204 1304 1378 1366 quibus
1401 1302 1465 1349 ad
1488 1318 1593 1349 eam
1617 1309 1722 1349 ute-

225 1378 397 1419 rentur
421 1371 524 1418 sine
564 1369 799 1417 molestia.
870 1370 985 1416 Non
1024 1368 1159 1432 quod
1197 1369 1249 1415 in
1271 1369 1363 1416 ista
1400 1368 1540 1431 copia
1573 1366 1722 1415 ullam

226 1437 325 1484 vim
349 1435 497 1484 fuisse
519 1443 705 1500 putem,
731 1443 787 1482 ut
810 1451 991 1483 novum
1031 1451 1187 1499 genus
1213 1434 1428 1498 cogitata
1462 1433 1723 1497 eloquendi

228 1509 537 1561 nasceretur;
574 1502 648 1548 uti
673 1501 807 1549 docti
832 1501 1044 1565 quidam,
1071 1517 1220 1564 quum
1236 1500 1480 1564 poeticam
1499 1507 1599 1548 tam
1623 1515 1721 1546 ma-

227 1575 339 1616 ture
379 1575 542 1615 natam
567 1567 873 1623 mirarentur,
913 1583 1088 1630 neque,
1131 1583 1219 1614 cur
1243 1566 1311 1613 ita
1349 1565 1536 1613 factum
1578 1572 1722 1622 esset,

228 1634 470 1690 viderent,
497 1649 691 1681 causam
717 1632 819 1696 ejus
860 1633 929 1680 rei
953 1632 1247 1696 praecipuam
1270 1631 1398 1678 hanc
1434 1630 1720 1686 attulerunt,

232 1699 367 1763 quod
389 1698 521 1746 rudis
560 1698 769 1763 populus
793 1706 938 1746 acute
977 1698 1269 1762 praeviderit,
1297 1697 1527 1744 eximium
1562 1695 1724 1759 praesi-

232 1766 367 1813 dium
391 1765 637 1812 memoriae
653 1763 758 1812 fore
776 1765 827 1811 in
846 1780 1104 1811 numerosa
1121 1763 1453 1811 moderatione
1468 1778 1721 1810 versuum:

233 1847 403 1879 verum
427 1837 592 1878 tamen
628 1846 728 1877 non
761 1830 999 1892 intelligo,
1039 1847 1134 1893 qua
1157 1829 1355 1877 tandem
1395 1828 1582 1876 ratione
1625 1827 1725 1875 cui-

231 1913 380 1961 quam
419 1896 470 1943 in
509 1903 724 1944 mentem
765 1896 931 1943 venire
976 1895 1192 1959 potuerit
1232 1894 1413 1957 aliquid
1457 1893 1723 1957 prosarium

235 1978 546 2026 componere,
572 1962 663 2008 nisi
689 1961 828 2008 aliam
855 1961 1126 2008 custodiam
1152 1960 1406 2024 compositi
1424 1960 1471 2006 in
1498 1966 1727 2022 promptu

234 2028 438 2076 haberet
474 2044 615 2091 quam
653 2027 935 2075 memoriam
980 2044 1129 2074 suam.
1199 2026 1438 2073 Obruitur
1479 2024 1606 2071 enim
1631 2040 1729 2072 me-

236 2094 404 2150 moria,
433 2095 718 2157 animusque
741 2101 946 2156 vagatur
971 2102 1021 2140 et
1045 2100 1171 2140 errat
1194 2092 1244 2138 in
1268 2091 1359 2139 hac
1398 2091 1550 2138 libera
1575 2090 1727 2138 conti-

236 2159 469 2207 nuatione
493 2160 766 2215 verborum,
793 2175 902 2222 quae
925 2158 1071 2206 nullis
1098 2158 1242 2206 certis
1264 2156 1477 2204 numeris
1496 2156 1729 2203 adstricta

236 2232 326 2281 est,
366 2224 510 2272 nullis
534 2224 671 2272 velut
696 2225 859 2288 spatiis
901 2225 1145 2281 distincta,
1171 2223 1343 2287 quibus
1385 2222 1538 2269 oratio
1563 2223 1730 2268 orbem

238 2306 381 2338 suum
397 2289 640 2338 conficiat.
669 2290 827 2354 Atqui
843 2306 992 2353 quum
1005 2290 1273 2337 Homerica
1293 2288 1445 2336 dictio
1462 2287 1609 2351 longe
1624 2286 1729 2333 lon-

237 2373 399 2420 geque
424 2356 628 2404 reducta
652 2356 713 2403 sit
732 2358 789 2403 ab
807 2372 865 2403 eo
890 2373 1024 2412 sono,
1046 2373 1189 2419 quem
1205 2356 1254 2401 in
1278 2353 1483 2401 infantia
1504 2353 1728 2417 gentium

238 2422 409 2469 horror
435 2430 685 2486 troporum
711 2430 761 2469 et
783 2422 1049 2486 imaginum
1073 2421 1224 2477 inflat,
1263 2428 1408 2483 atque
1431 2419 1481 2465 in
1497 2418 1654 2466 verbis
1680 2425 1731 2465 et

238 2486 569 2535 locutionibus
606 2488 842 2552 castigata
865 2487 1144 2544 admodum,
1171 2485 1394 2550 aequabili
1429 2483 1731 2532 verecundo-

237 2569 332 2618 que
356 2561 526 2601 tenore
551 2571 638 2601 suo
663 2554 797 2618 quasi
821 2554 1126 2617 praenunciet
1148 2554 1425 2617 pedestrem
1462 2549 1727 2597 dictionem

238 2619 461 2684 proxime
486 2627 778 2675 secuturam,
806 2636 949 2683 quam
974 2628 1137 2667 tamen
1162 2617 1365 2682 amplius
1389 2615 1481 2663 tria
1504 2614 1682 2663 saecula
1704 2631 1732 2662 a

240 2685 435 2733 nemine
468 2692 706 2733 tentatam
731 2686 1017 2749 reperimus:
1067 2686 1136 2733 ita
1175 2700 1282 2731 mea
1321 2681 1418 2730 fert
1456 2681 1634 2745 opinio,
1676 2688 1732 2728 ut

239 2767 339 2798 non
366 2751 552 2799 cultum
576 2751 900 2815 ingeniorum,
928 2751 1014 2799 sed
1054 2751 1146 2798 alia
1169 2748 1389 2814 quaedam
1424 2747 1731 2810 maximeque

239 2816 573 2867 difficultatem
623 2817 866 2866 scribendi
913 2818 1115 2866 arbitrer
1160 2816 1209 2864 in
1255 2831 1390 2864 mora
1428 2812 1591 2870 fuisse,
1635 2827 1733 2877 quo

970 2913 989 2939 4
