1856 3235
239 231 334 271 234
735 223 1291 276 PROLEGOMENA.

238 369 266 399 a
290 352 466 400 Solone
489 360 719 401 novatum
744 355 921 403 dicitur
943 358 994 404 in
1017 357 1317 413 recitatione,
1353 356 1401 404 τὸ
1436 358 1474 412 ἐξ
1509 357 1717 422 ὑποβολῆς

237 416 537 480 ῥαψῳδεῖσθαι,
573 418 806 483 ejusmodi
830 429 917 478 est,
954 429 1010 469 ut
1034 439 1143 470 eum
1183 422 1447 486 rhapsodos
1484 438 1584 470 non
1621 424 1716 486 pri-

240 499 372 529 mum
395 483 670 532 invitavisse
695 486 931 542 Athenas,
968 487 1126 534 sedin
1160 487 1513 535 consuetudine
1551 504 1720 535 eorum

240 547 423 611 aliquid
447 551 704 598 mutavisse
727 559 968 613 appareat.
1037 551 1146 600 Jam
1175 568 1282 614 quae
1316 552 1399 599 illa
1431 552 1579 600 fuerit
1617 558 1722 600 mu-

240 615 362 661 tatio
386 621 436 662 et
456 615 712 671 institutio,
748 616 960 678 positum
999 623 1072 663 est
1110 617 1160 662 in
1202 616 1484 679 conjectura
1522 625 1723 681 propter

240 679 527 727 brevitatem
566 680 802 744 Diogenis
839 680 1038 728 Laertii.
1107 680 1234 727 Nam
1259 681 1297 728 si
1335 681 1463 729 forte
1502 690 1646 730 antea
1670 683 1724 730 in

239 744 446 808 publicis
471 745 765 793 sollennibus
789 761 914 792 unus
948 745 1094 793 modo
1117 745 1385 809 rhapsodus
1408 763 1582 795 canere
1607 765 1722 796 con-

236 819 414 866 suerat,
452 810 599 858 Solon
640 811 967 859 convocandis
1006 810 1239 873 pluribus,
1288 811 1373 874 qui
1419 828 1470 859 se
1508 812 1719 860 invicem

237 876 529 939 excipiendo
551 875 779 939 majorem
799 892 1053 923 numerum
1079 876 1444 939 rhapsodiarum
1469 886 1718 935 canerent,

236 957 418 988 novum
459 942 529 989 rei
569 941 873 1004 splendorem
911 941 1153 989 addidisse
1197 941 1355 990 videri
1395 950 1557 1005 queat.
1626 942 1724 991 Sed

236 1006 353 1053 huic
376 1007 550 1054 rationi
574 1023 742 1070 parum
766 1007 942 1054 tribuo.
1012 1007 1127 1054 Non
1152 1007 1281 1055 enim
1298 1007 1351 1055 in
1383 1007 1465 1055 illa
1486 1024 1722 1056 memora-

236 1071 334 1120 bile
370 1072 595 1119 meritum
635 1088 775 1120 novae
797 1072 1114 1120 institutionis
1152 1072 1458 1137 intelligitur,
1494 1089 1586 1121 nec
1621 1089 1727 1121 ver-

235 1137 298 1185 ba
339 1137 592 1201 Diogenis,
647 1137 737 1185 etsi
777 1153 902 1200 saepe
940 1137 1271 1194 balbutientis,
1319 1137 1438 1186 illuc
1477 1139 1722 1203 pertinere

235 1211 452 1266 possunt.
544 1202 755 1249 Istorum
793 1203 944 1266 igitur
982 1203 1240 1250 verborum
1280 1219 1474 1251 sensum
1514 1205 1723 1267 pressius

236 1268 473 1331 sequenti,
511 1276 823 1331 veteremque
863 1284 1047 1316 morem
1069 1267 1435 1331 rhapsodorum‚
1473 1285 1618 1332 quem
1647 1286 1723 1316 su-

234 1349 323 1396 pra
345 1333 591 1396 descripsi,
631 1334 928 1397 comparanti
952 1334 1146 1381 videtur
1175 1333 1293 1380 mihi
1335 1333 1482 1382 Solon
1517 1334 1613 1382 hoc
1652 1335 1723 1382 in-

232 1399 463 1455 stituisse,
489 1407 558 1455 ut,
586 1416 734 1463 quum
759 1400 891 1463 prius
916 1399 1183 1463 singulares
1206 1399 1477 1462 rhapsodiae
1495 1399 1598 1447 sine
1622 1399 1723 1447 ullo

235 1465 405 1512 ordine
429 1481 591 1512 rerum
616 1472 666 1513 et
688 1472 963 1529 temporum
989 1472 1295 1521 canerentur,
1317 1464 1369 1512 id
1384 1474 1458 1513 est
1475 1473 1532 1513 ut
1553 1465 1605 1512 in
1623 1481 1724 1513 uno

235 1538 484 1578 conventu
507 1531 715 1593 primum
741 1531 926 1595 Ulyssis
946 1532 1123 1595 Νίπτςα
1147 1529 1349 1594 (Odyss.
1378 1530 1476 1591 T'.)
1495 1538 1580 1578 aut
1608 1533 1722 1585 Μνη-

234 1597 466 1660 στηξοφονία
491 1595 609 1660 (X'.)
643 1612 758 1643 mox
788 1598 954 1644 Νεκυία
980 1613 1015 1644 S.
1044 1596 1363 1659 Νεκυομαντεία
1389 1595 1510 1659 (A'.)
1535 1604 1641 1643 tum
1665 1594 1723 1643 τοὶ

234 1663 269 1709 ἐν
294 1662 424 1724 Πύλῳ
446 1661 524 1709 vel
547 1660 605 1708 τοὶ
627 1663 662 1709 ἐν
689 1663 969 1725 Λακεδαίμονι
999 1661 1088 1725 (Γ.
1115 1661 1210 1721 Δῖ)
1246 1661 1461 1724 itemque
1485 1678 1547 1709 ex
1572 1661 1724 1709 Iliaco

234 1728 350 1774 orbe
373 1727 519 1787 Ἀγῶν
543 1728 757 1787 ἐπιτάφιος
784 1727 933 1791 (TC),
972 1727 1149 1774 deinde
1179 1727 1444 1774 ‘waovrodiz
1468 1726 1584 1790 (ἵ.)
1619 1734 1724 1774 tum

237 1793 374 1839 Λιταί
410 1792 522 1855 (K),
558 1801 804 1856 postremo
835 1793 993 1856 Λοιμός
1031 1791 1153 1856 (Α’.)
1194 1800 1465 1849 caneretur,
1513 1792 1583 1839 ita
1617 1809 1723 1856 par-

234 1867 306 1905 tes
345 1858 748 1905 distribuerentur
786 1857 1003 1922 pluribus
1042 1857 1309 1921 rhapsodiS,
1346 1864 1403 1906 ut
1442 1857 1536 1904 alio
1576 1857 1722 1905 alium

235 1923 511 1986 excipiente
537 1923 768 1987 deinceps
790 1931 1027 1988 perpetua
1049 1930 1101 1971 et
1135 1922 1392 1970 commoda
1426 1921 1532 1986 ῥαφῆ
1568 1922 1723 1970 effice-

232 1998 379 2035 retur.
429 1988 761 2036 Memorabilis
791 1987 1014 2052 profecto
1037 1987 1280 2036 institutio
1302 1987 1608 2052 legislatoris,
1635 1988 1718 2051 qui

233 2054 363 2101 idem
387 2058 535 2117 poeta
556 2052 665 2110 fuit,
704 2054 805 2101 sine
826 2071 922 2117 qua
942 2053 1147 2102 fortasse
1171 2052 1278 2100 haec
1302 2053 1465 2101 omnia
1506 2069 1605 2100 non
1630 2053 1723 2101 dis-

231 2130 468 2182 putarem.
539 2119 647 2167 Nec
670 2135 786 2167 vero
809 2119 947 2166 illum
971 2120 1022 2166 in
1046 2136 1103 2167 ea
1125 2134 1327 2181 usquam
1350 2118 1558 2181 legimus
1576 2119 1722 2182 scrip-

231 2193 284 2232 to
310 2184 572 2248 exemplari
599 2183 818 2248 adjutum
841 2201 967 2242 esse;
1006 2184 1138 2248 quod
1161 2184 1199 2231 si
1223 2191 1327 2231 tum
1351 2183 1521 2231 fuisset
1550 2183 1720 2243 ullum,

232 2266 331 2296 non
370 2266 482 2297 sane
514 2267 541 2297 a
573 2249 748 2297 Solone
789 2249 985 2298 demum
1026 2249 1252 2312 rhapsodi
1293 2248 1568 2298 dedocendi
1607 2247 1721 2297 fuis-

233 2322 355 2363 sent.
427 2315 671 2363 Caeterum
694 2315 802 2362 haec
841 2331 916 2363 res
955 2315 1019 2362 ad
1042 2331 1187 2362 unam
1221 2314 1442 2363 Atticam
1465 2313 1721 2363 referenda

232 2388 319 2437 est,
358 2396 456 2428 non
493 2381 555 2427 ad
592 2380 837 2428 Graeciam
877 2380 1168 2429 universam.
1238 2381 1414 2445 Neque
1452 2380 1581 2428 enim
1617 2379 1720 2428 ullo

230 2446 378 2493 modo
409 2445 639 2494 credibile
665 2454 751 2502 est,
791 2446 1017 2494 Solonem
1048 2445 1196 2494 fuisse
1236 2447 1445 2510 primum
1483 2444 1717 2502 omnium,

231 2512 314 2574 qui
338 2510 423 2559 tali
457 2511 644 2559 ratione
685 2511 969 2576 elegantiori
1010 2511 1313 2576 dispositioni
1351 2520 1401 2561 et
1440 2509 1721 2560 collectioni

229 2649 281 2680 οἷον
295 2650 518 2690 &rauba-eam
541 2651 644 2688 ἐ’ληξεν,
669 2652 779 2682 ἐκεῖθεν
802 2652 952 2694 ἄρχεσθαι
977 2651 1024 2682 ‘er
1048 2652 1187 2692 ἔχόμενον.
1231 2650 1318 2682 Illud
1342 2651 1370 2689 ἔξ
1395 2651 1539 2687 ὑποβολῆς
1564 2649 1649 2681 idem
1674 2655 1722 2682 est

231 2691 315 2733 quod
328 2692 401 2723 aiibi
423 2694 450 2731 ἓξ
466 2693 648 2731 ὑπολήψεως,
666 2696 710 2723 ita
727 2700 758 2724 ut
774 2695 855 2725 alius
875 2696 932 2724 alii
948 2696 1127 2731 succederet,
1149 2706 1210 2729 seu,
1228 2695 1281 2725 ubi
1295 2703 1375 2725 unus
1390 2695 1525 2725 desiisset
1540 2704 1657 2729 canere,
1673 2694 1721 2725 al·

229 2742 275 2765 ter
291 2737 370 2771 inde,
395 2737 474 2776 quod
489 2742 671 2776 sequeretur,
696 2739 926 2775 auspici-irenem
950 2739 1051 2778 sicque
1071 2749 1168 2769 unum
1193 2737 1368 2770 Homericae
1388 2740 1510 2777 poi'r'seos
1533 2738 1722 2778 conflaretur

230 2789 356 2818 corpus:
380 2788 450 2819 quae
464 2780 556 2809 verba
570 2785 643 2809 sunt
660 2779 775 2809 Leonis
793 2778 889 2809 Allat.
906 2779 945 2809 de
959 2780 1061 2819 patria
1076 2781 1176 2812 Hom.
1194 2790 1221 2811 c.
1235 2784 1265 2812 5.
1309 2779 1362 2810 De
1383 2789 1418 2810 re
1442 2778 1525 2810 conf.
1540 2779 1659 2810 Fabric.
1682 2778 1722 2810 B.

232 2821 271 2851 G.
290 2821 338 2852 II.
356 2824 386 2851 2.
408 2824 455 2852 11.
478 2827 509 2852 et
525 2821 646 2861 Draeig.
663 2821 701 2852 de
720 2822 894 2861 Rhapsodis
909 2833 938 2862 p.
954 2826 1017 2859 35„
1033 2824 1088 2865 qui
1110 2823 1201 2855 illum
1227 2822 1349 2854 refutat.
1393 2821 1553 2863 Equidem
1580 2821 1724 2854 neutrius

229 2864 343 2894 horum
358 2865 543 2894 sententiam
558 2865 662 2905 probo,
688 2865 735 2905 (et
751 2874 802 2896 eos
819 2864 883 2897 fere
901 2866 999 2898 secuti
1022 2873 1098 2898 sunt
1117 2866 1231 2909 reliqui
1253 2865 1390 2908 omnes)
1411 2865 1591 2899 Fabricium
1615 2870 1722 2897 tamen

228 2915 248 2935 a
270 2917 341 2939 vero
355 2908 483 2948 propius
497 2908 601 2939 abesse
617 2917 737 2939 censeO.

1009 2976 1030 3004 5
