1856 3235
585 204 1149 256 PROLEGOMENA.
1531 214 1616 255 191

132 348 412 397 Carminum
437 359 600 391 carere
623 342 704 389 vix
727 347 938 404 possent,
1006 339 1236 402 Denique
1259 339 1311 386 in
1332 357 1388 388 ea
1406 341 1618 398 civitate,

130 431 240 479 quae
262 412 512 474 antiquum
536 407 849 471 alphabetum
874 405 1142 453 diutissime
1166 405 1380 453 retinuit.
1420 406 1619 472 Olymp.

131 477 376 528 XXXIX.
401 475 559 521 minor
595 489 825 520 numerus
860 471 1109 520 literarum
1151 470 1342 518 suffecit
1383 472 1625 521 Draconis

130 545 317 609 legibus
358 539 616 605 ponendis.
701 538 889 595 Quidni
935 537 1065 585 idem
1108 553 1340 584 numerus
1381 538 1627 587 suffecerit

134 608 350 658 maximis
385 605 726 661 voluminibus,
766 605 803 652 si
827 603 975 652 modo
1005 620 1061 651 ea
1083 610 1189 650 tum
1212 602 1390 650 usitata
1412 602 1626 660 fuerunt,

133 677 231 723 sive
255 691 316 722 ex
339 672 561 737 pellibus,
600 671 702 718 sive
728 687 788 718 ex
813 686 998 734 papyro
1023 668 1291 733 AEgyptia?
1327 669 1392 716 Et
1420 668 1523 733 jam
1549 670 1629 717 ali-

129 748 248 805 quot
272 739 408 787 annis
433 746 546 785 ante
571 737 812 785 Draconis
844 736 1180 800 magistratum
1203 734 1444 782 beneficio
1471 736 1631 783 Psam-

130 805 330 854 metichi
366 804 616 868 AEgyptus
656 801 903 866 patefacta
944 809 1048 849 erat
1094 801 1398 848 commerciis
1437 801 1629 858 Ionum,

131 879 187 919 ut
225 870 511 919 facultatem
541 869 711 933 papyri
749 867 928 915 habere
967 867 1234 930 potuerint.
1306 867 1401 914 Cui
1439 867 1634 931 conjec-

134 945 258 986 turae
281 953 344 985 ne
369 935 600 983 historica
623 934 744 982 fides
770 934 976 990 deesset,
1015 949 1158 996 quam
1181 933 1347 996 paucis
1387 934 1546 981 verbis
1588 951 1635 981 o-

130 1021 222 1069 pus
261 1002 433 1050 fuisset
489 1000 764 1056 Herodoto,
818 999 909 1046 nisi
961 998 1149 1046 Graecis
1191 998 1461 1062 scripsisset
1502 999 1633 1047 solis!

133 1070 284 1118 Nunc
308 1069 359 1115 in
382 1068 549 1132 primis
572 1066 778 1114 molesta
802 1073 875 1113 est
900 1065 1169 1113 obscuritas
1206 1064 1412 1111 duorum
1438 1065 1638 1113 saeculo-

134 1152 257 1192 rum,
295 1134 458 1183 octavi
484 1142 534 1181 et
558 1132 753 1196 septimi
777 1139 890 1178 ante
922 1131 1055 1188 Chr„
1091 1131 1142 1177 in
1181 1131 1354 1194 quibus
1394 1130 1477 1179 illa
1515 1148 1637 1196 gens

135 1200 377 1266 igniculos
402 1199 699 1264 politissimae
721 1197 1037 1245 humanitatis
1073 1196 1258 1244 dudum
1299 1205 1550 1261 susceptos
1592 1214 1639 1246 e-

137 1267 305 1331 gregie
328 1265 546 1330 protulit,
586 1272 636 1312 et
659 1264 723 1311 ad
748 1280 941 1311 omnem
985 1263 1329 1311 excellentiam
1354 1263 1530 1311 artium
1556 1264 1637 1311 ad-

132 1332 373 1380 mirabiles
396 1347 679 1396 progressus
703 1329 836 1377 fecit.
907 1329 1052 1385 Nam,
1089 1345 1152 1377 ne
1191 1329 1253 1376 de
1291 1328 1394 1376 aliis
1418 1329 1638 1393 plurimis

138 1398 372 1447 institutis
398 1397 572 1453 dicam,
610 1413 814 1460 quorum
841 1396 1023 1443 semina
1046 1396 1096 1442 in
1121 1395 1223 1442 istis
1256 1395 1470 1443 tenebris
1502 1395 1639 1459 jacta

134 1474 262 1521 sunt,
299 1464 349 1510 in
373 1463 453 1510 illa
477 1463 686 1510 maxime
711 1462 902 1517 saecula,
941 1479 969 1509 a
998 1461 1378 1509 Lacedaemonio
1404 1461 1638 1526 Lycurgo

133 1530 366 1595 proxima,
403 1529 518 1576 artis
543 1528 810 1592 scriptoriae
850 1527 1058 1591 primum
1100 1527 1439 1575 notabiliorem
1481 1528 1638 1592 publi-

133 1612 246 1644 cum
269 1611 410 1642 usum
435 1602 485 1642 et
508 1593 636 1642 ultra
659 1594 1002 1658 inscriptiones
1043 1610 1352 1658 progressum
1392 1594 1639 1650 incidisse,

136 1670 242 1710 tum
267 1661 532 1725 conjectari
556 1676 656 1707 non
680 1668 882 1716 temere,
919 1667 1025 1707 tum
1065 1676 1126 1707 ex
1150 1659 1398 1707 nonnullis
1422 1659 1642 1724 vestigiis

135 1727 349 1776 historiae
370 1728 440 1775 ita
461 1726 669 1790 intelligi
692 1726 827 1784 licet,
865 1733 921 1774 ut
945 1725 1216 1791 perspicuis
1239 1725 1530 1775 testimoniis
1556 1725 1641 1772 mi-

138 1810 230 1843 nus
254 1810 382 1858 aegre
407 1809 667 1842 careamus

805 2014 975 2062 XVII.

213 2170 310 2220 Sed
325 2170 432 2220 haec
450 2170 554 2235 ipsa
570 2168 778 2235 vestigia
795 2169 1011 2218 historiae
1035 2177 1262 2235 arguunt,
1297 2171 1426 2218 inter
1444 2170 1526 2218 illa
1560 2187 1646 2235 pu-

146 2236 261 2286 blici
286 2253 400 2285 usus
434 2236 572 2285 initia
607 2244 657 2285 et
683 2235 935 2301 vulgarem
972 2237 1380 2285 consuetudinem
1405 2237 1651 2285 scribendi

144 2303 476 2367 librorumque
536 2302 953 2352 conficiendorum
1008 2320 1175 2351 curam
1223 2303 1378 2352 multo
1434 2303 1645 2367 longiuS,

147 2386 291 2435 quam
315 2385 449 2417 nunc
489 2370 741 2434 quisquam
767 2369 1030 2426 existimet,
1073 2369 1383 2417 intervallum
1424 2369 1652 2434 interjec-

144 2443 250 2484 tum
286 2434 449 2483 fuisse.
522 2434 623 2484 Hic
647 2435 855 2499 primum
897 2436 1096 2484 maximi
1122 2437 1360 2484 momenti
1403 2444 1491 2493 est,
1519 2435 1652 2500 quod

141 2501 331 2549 nullum
365 2517 568 2566 usquam
592 2500 841 2549 literarum
863 2519 923 2550 ex
941 2502 1035 2550 isto
1058 2519 1240 2566 genere
1275 2511 1652 2550 monumentum

149 2575 560 2616 commemoratur
584 2566 834 2633 Lycurgei
859 2576 944 2616 aut
971 2569 1192 2633 proxime
1217 2569 1517 2633 insequentis
1543 2568 1648 2623 aevi,

148 2649 248 2681 non
273 2633 490 2698 epistola,
519 2650 618 2682 non
641 2637 831 2698 po'ema,
858 2650 958 2682 non
999 2634 1123 2683 liber
1147 2634 1290 2691 ullus,
1319 2635 1458 2700 cujus
1491 2650 1651 2682 exem-

148 2698 284 2763 plum
310 2699 388 2748 vel
429 2708 564 2749 certe
589 2700 764 2748 notitia
805 2700 1016 2764 exempli
1051 2701 1114 2748 ad
1153 2702 1447 2765 posteriores
1485 2708 1653 2747 aetates

147 2767 440 2830 pervenerit.
528 2766 636 2815 Nisi
680 2765 809 2814 forte
847 2766 1050 2825 fabulas,
1094 2767 1156 2815 de
1197 2768 1370 2832 quibus
1415 2770 1460 2828 §.
1503 2765 1652 2812 XIII.

149 2831 267 2888 dixi,
297 2832 465 2882 audire
488 2832 728 2889 volumus,
756 2849 937 2897 eosque
961 2834 1243 2898 scriptores,
1267 2834 1350 2897 qui
1374 2832 1555 2895 priscas
1579 2848 1654 2879 res

148 2898 212 2947 ad
235 2914 342 2948 suas
368 2898 749 2950 consuetudines
773 2907 920 2964 atque
944 2900 1201 2952 libidinem
1222 2900 1433 2964 fingunt,
1452 2914 1656 2962 quorum
