1856 3235
197 164 290 239 19o
694 187 1254 239 PROLEGOMENA.

191 321 311 368 riem
337 319 566 368 collectas
589 338 617 368 a
641 320 915 370 Callistrato
939 322 1164 386 quodam,
1202 330 1315 370 ante
1356 321 1473 369 alios
1511 322 1679 371 Ionica

193 386 359 433 Samos
381 385 576 449 publice
599 387 902 451 usurpavisse
929 387 1083 436 fertur
1101 398 1133 436 ³.
1203 389 1372 451 Atque
1413 387 1507 435 hoc
1550 387 1679 435 Ioni·

193 468 305 499 cum
356 451 665 515 alphabetum
707 461 770 499 24
811 453 1058 501 literarum
1098 471 1126 500 a
1163 453 1343 518 populo
1384 453 1678 501 Atheniensi

191 516 390 564 tandem
437 518 642 566 Euclide
689 517 945 565 Archonte
992 518 1190 582 Olymp.
1240 518 1425 567 XCIV.
1480 528 1522 565 2.
1562 526 1675 566 ante

194 582 309 629 Chr.
347 591 443 630 403
481 591 749 647 receptum,
786 600 878 630 nec
917 584 983 630 ibi
1021 592 1133 632 ante
1175 584 1269 631 hoc
1311 594 1500 648 tempus
1536 600 1677 631 usum

194 647 397 695 duarum
420 648 676 712 longarum
699 648 942 696 vocalium
969 649 1269 712 publicatum
1292 650 1493 697 tradunt
1517 649 1680 713 plures

194 721 245 761 et
268 730 328 762 ex
352 715 563 777 probatis
587 714 864 761 auctoribus
884 712 915 761 b.

260 779 405 826 Adeo
429 796 535 827 sero
558 779 808 826 literatura
837 779 1124 827 Graecorum
1159 779 1378 828 absoluta
1413 788 1486 827 est
1526 787 1576 827 et
1611 797 1683 827 re-

195 844 338 893 dacta
361 845 411 891 in
435 845 670 901 ordinem,
707 845 932 908 primum,
969 853 1026 892 ut
1047 845 1210 893 multis
1244 845 1304 892 de
1342 846 1494 892 causis
1534 845 1682 909 conji-

194 910 286 967 cio,
323 910 453 958 iniis
479 911 770 967 civitatibus,
809 927 916 974 quae
942 911 1152 958 Siciliam
1185 919 1234 958 et
1275 911 1509 974 Magnam
1549 911 1683 959 Grae-

193 976 317 1023 ciam
341 977 588 1033 tenebant,
626 984 731 1024 tum
755 977 805 1023 in
840 976 921 1023 illa
959 977 1161 1040 posthac
1202 977 1450 1024 literarum
1489 976 1682 1024 confici-

193 1041 439 1089 entissima
462 1043 597 1098 urbe,
644 1042 869 1089 Athenis.
939 1042 1037 1090 Sed
1077 1043 1349 1090 cavendum
1391 1050 1465 1090 est
1504 1058 1682 1098 rursus,

191 1123 254 1154 ne
278 1115 377 1155 tam
404 1123 564 1154 serum
587 1124 729 1154 usum
757 1107 999 1155 scribendi
1036 1108 1305 1164 credamus,
1342 1116 1426 1155 aut
1461 1108 1512 1154 in
1552 1107 1684 1155 omni

193 1170 389 1219 Graecia
434 1173 606 1220 eodem
651 1181 870 1236 tempore
910 1173 1204 1220 institutum.
1297 1173 1442 1220 Iones
1488 1173 1685 1236 quidem

192 1254 343 1300 quum
378 1244 454 1284 tot
477 1237 579 1284 aliis
620 1239 763 1285 rebus
805 1238 1014 1302 Europae
1039 1245 1261 1302 cognatae
1298 1237 1574 1301 exemplum
1615 1238 1685 1284 ni-

192 1303 380 1350 tidioris
404 1303 564 1350 cultus
589 1303 761 1351 darent
785 1311 836 1351 et
874 1303 1074 1350 humani
1107 1312 1156 1351 et
1196 1303 1364 1360 civilis,
1401 1310 1687 1366 matureque

191 1368 334 1416 variis
372 1369 552 1416 artibus
578 1376 628 1417 et
652 1370 955 1417 commerciis
979 1369 1222 1425 florerent,
1259 1369 1337 1417 vel
1373 1376 1570 1416 tacente
1593 1368 1689 1416 his-

191 1434 316 1482 toria
338 1434 596 1483 verisimile
621 1443 761 1492 esset,
800 1452 881 1483 eos
922 1434 1064 1498 hujus
1105 1452 1299 1499 quoque
1333 1434 1578 1498 praeclarae
1617 1433 1689 1482 rei

192 1499 453 1548 utilitatem
477 1501 657 1564 primos
682 1501 1077 1549 animadvertisse
1108 1509 1158 1549 et
1181 1501 1243 1548 ad
1267 1517 1372 1549 eam
1398 1500 1611 1548 studium
1637 1507 1687 1548 et

192 1565 444 1629 ingenium
469 1566 730 1614 contulisse
755 1584 910 1614 suum.
983 1567 1179 1630 Quippe
1211 1566 1303 1613 illis
1327 1565 1687 1629 exspectandus

192 1647 292 1679 non
326 1630 422 1679 fuit
446 1631 748 1680 Callistratus
773 1632 975 1688 Samius,
1012 1640 1069 1680 ut
1092 1632 1274 1695 aliquid
1298 1633 1478 1695 scripto
1498 1631 1688 1695 consig-

192 1713 307 1744 nare
331 1705 601 1745 tentarent:
630 1698 732 1762 jam
758 1706 870 1745 ante
894 1698 1027 1746 hunc
1050 1715 1233 1762 papyro
1268 1698 1340 1745 usi
1365 1704 1500 1756 sunt3
1536 1697 1687 1745 immo

193 1771 306 1810 ante
332 1762 628 1811 Simonidem
654 1772 704 1811 et
731 1764 1071 1827 Epicharmum
1094 1763 1295 1812 fuerunt
1327 1763 1467 1828 lyrici
1507 1766 1681 1826 poetae,

192 1837 244 1877 et
268 1828 426 1875 Ionici
452 1838 500 1876 et
537 1829 734 1886 AEolici‚
773 1830 855 1893 qui
892 1830 975 1877 illo
1012 1829 1309 1877 adminiculo
1348 1829 1683 1877 faciendorum

234 1981 253 2000 a
276 1970 327 2001 Eo
350 1970 499 2009 pertinuit
523 1971 689 2002 dicterium
718 1971 939 2010 Aristophanis
964 1972 997 2002 in
1015 1971 1206 2012 Babyloniis,
1229 1971 1335 2002 fabula
1360 1972 1431 2002 circ.
1459 1973 1531 2001 427.
1554 1981 1581 2000 a.
1610 1970 1685 2002 Chr.

192 2013 433 2045 LXXXVIII.
451 2014 595 2045 OLacta-
642 2015 727 2045 Vide
755 2015 841 2045 Suid.
867 2025 893 2045 V.
919 2016 1037 2055 Σαμίων
1065 2017 1077 2045 ὅ
1100 2014 1183 2055 δῆμος
1206 2015 1275 2045 coll.
1306 2025 1334 2043 v.
1358 2014 1555 2053 Ἀττικισμδς,
1581 2012 1685 2044 Schol.

193 2055 275 2086 Ven.
296 2056 370 2086 Cod.
388 2057 425 2087 B.
442 2057 480 2087 ad
500 2057 539 2088 Il.
557 2057 589 2091 η’.
612 2060 680 2088 185.
725 2057 829 2088 Tzetz.
851 2058 934 2088 Chil.
963 2059 1048 2088 XII.
1073 2062 1124 2089 61.
1147 2068 1210 2098 sqq.
1255 2057 1350 2093 Quod
1379 2056 1576 2088 Callistratus
1600 2055 1685 2095 apud

190 2099 276 2129 hunc
291 2106 417 2130 vocatur
436 2100 676 2135 Grammaticus,
699 2101 773 2131 facit
787 2101 999 2140 ineptissimus
1013 2102 1118 2136 homo¹
1143 2107 1178 2131 ut
1204 2101 1305 2131 solent
1320 2100 1434 2130 eruditi
1449 2099 1580 2130 istorum
1604 2105 1686 2129 tem-

190 2152 313 2181 porum,
337 2153 435 2183 quum
452 2143 643 2184 antiquiores
658 2143 753 2184 digne
769 2143 898 2175 laudare
914 2144 1034 2175 volunt.
1083 2143 1218 2174 Gravius
1233 2150 1287 2178 est,
1312 2143 1396 2184 quod
1412 2154 1449 2174 ex
1466 2142 1523 2172 illo
1551 2141 1686 2178 Scholio‚

190 2190 259 2216 tum
275 2185 401 2221 inedito,
426 2186 637 2225 Spanhemius
663 2187 770 2217 docuit
784 2187 804 2216 l.
819 2187 848 2222 1.‚
872 2197 998 2227 operam
1016 2187 1184 2218 Callistrati
1207 2187 1389 2217 auctoritate
1405 2185 1525 2226 Ephori
1539 2184 1688 2216 traditam

191 2238 267 2259 esse·
315 2228 462 2267 Suspicor
477 2236 635 2269 praeterea,
658 2231 744 2260 hunc
759 2230 938 2270 scriptorem
954 2231 987 2261 in
1002 2230 1116 2261 ultima
1131 2236 1217 2269 parte
1237 2230 1374 2260 historiae
1400 2240 1474 2265 suae,
1498 2228 1553 2259 ubi
1568 2228 1608 2258 ad
1629 2237 1686 2258 no-

191 2281 264 2301 vam
280 2273 492 2302 recensionem
517 2272 623 2312 legum
642 2273 821 2303 Atticamm
847 2273 954 2313 ejectis
980 2274 1091 2304 XXX.
1114 2273 1188 2303 viris
1213 2273 1327 2304 factam
1349 2273 1491 2308 venisset,
1514 2273 1596 2302 hanc
1619 2280 1687 2301 om-

191 2324 265 2345 nem
281 2324 347 2344 rem
363 2315 486 2354 copiose
508 2322 662 2351 tractasse,
687 2315 889 2358 indidemque
914 2323 1096 2357 excerptum
1123 2326 1190 2347 esse
1212 2316 1318 2348 locum
1345 2315 1520 2347 Clementis
1539 2323 1632 2354 supra
1653 2323 1683 2353 p.

196 2360 264 2387 184.
281 2368 312 2387 n.
327 2368 354 2387 a.

232 2401 253 2431 b
277 2400 474 2431 Nominatim
499 2401 635 2441 Ephoro,
668 2401 883 2442 Theopompo,
917 2402 1071 2433 Androne
1100 2402 1246 2442 Ephesio,
1279 2402 1407 2433 fortasse
1438 2400 1507 2431 aliis
1535 2399 1687 2440 pluribus.

191 2443 256 2473 Pro
270 2443 318 2473 his
334 2443 471 2474 adeundi
483 2451 557 2475 sunt
572 2445 661 2476 nobis
675 2446 792 2476 turbidi
806 2446 907 2481 rivuli,
932 2446 1046 2477 Euseb.
1070 2446 1186 2477 Chron.
1201 2445 1242 2476 ad
1259 2446 1311 2477 01.
1328 2445 1454 2476 XCIV.
1478 2447 1508 2474 4.
1554 2442 1687 2474 Cedren.

189 2491 222 2517 et
238 2486 348 2516 Pasch.
367 2487 482 2518 Chron.
499 2488 539 2518 ad
556 2488 684 2519 XCVI.
699 2492 727 2519 4.
744 2499 818 2519 cum
842 2489 944 2519 Schol.
967 2489 1007 2520 ad
1022 2489 1133 2529 Eurip.
1156 2490 1264 2520 Phoen.
1285 2492 1369 2526 688.,
1383 2487 1438 2518 ubi
1454 2493 1543 2517 vetus
1557 2486 1688 2516 varietas

190 2535 318 2559 notatur
333 2540 369 2559 ex
394 2530 524 2569 pristino
545 2541 631 2562 more
646 2531 809 2567 scribendi,
834 2534 876 2572 σῷ
898 2546 931 2563 νιν
957 2533 1065 2573 ἐκγόνῳ
1081 2537 1112 2562 et
1137 2532 1182 2564 σοι’
1205 2546 1239 2563 m
1260 2533 1378 2572 ἔκγονοι.
1424 2529 1473 2560 Ibi
1490 2540 1518 2559 v.
1534 2528 1686 2559 Valcken.

190 2582 220 2611 p.
238 2575 309 2603 260.
325 2579 356 2602 et
373 2577 445 2603 688.
492 2574 518 2604 I.
538 2575 576 2604 G.
593 2575 685 2605 Voss.
712 2574 751 2605 de
768 2576 846 2605 Arte
869 2585 1003 2615 gramm.
1029 2575 1056 2606 1.
1074 2579 1126 2606 50.
1151 2586 1179 2615 p.
1199 2578 1270 2605 113.
1316 2574 1445 2604 Salmas.
1461 2571 1545 2603 Add.
1569 2571 1609 2602 ad
1629 2572 1689 2602 In-

190 2615 296 2654 script.
317 2616 453 2646 Herodis
470 2617 537 2647 Att.
555 2627 584 2656 p.
603 2621 674 2648 232.
720 2618 846 2648 Boherii
865 2618 946 2648 Diss.
963 2619 994 2659 ξ.
1022 2622 1073 2649 66.
1117 2617 1249 2649 Wessel.
1275 2617 1315 2648 ad
1339 2616 1433 2648 Petiti
1460 2615 1525 2646 LL.
1554 2615 1630 2645 ΛΑ.
1652 2624 1685 2654 p.

192 2662 263 2689 194.
288 2659 410 2689 Corsini
438 2660 518 2690 Fast.
536 2661 602 2690 Att.
619 2661 656 2691 T.
680 2661 748 2691 111.
764 2672 793 2701 p.
812 2665 883 2692 276.
922 2662 1010 2692 Huic
1036 2667 1192 2701 postremo
1216 2660 1361 2691 laudatus
1387 2659 1475 2690 locus
1499 2657 1623 2698 Syriani
1645 2657 1686 2688 ad

191 2701 347 2742 Hermog.
364 2713 392 2741 p.
412 2705 460 2733 17.
482 2713 593 2742 parum
608 2704 787 2742 explicitam
803 2704 947 2734 notitiam
961 2706 1062 2740 habet,
1085 2714 1180 2745 quam
1196 2703 1326 2734 omnino
1351 2704 1390 2732 ab
1413 2701 1480 2732 istis
1503 2700 1685 2740 compilato-

191 2744 276 2775 ribus
302 2755 366 2775 non
381 2753 546 2785 exspectes.
594 2747 673 2777 Satis
688 2753 741 2782 est,
765 2747 930 2778 convenire
945 2758 1057 2779 omnes
1071 2747 1105 2777 in
1120 2757 1154 2778 re
1178 2756 1309 2777 summa.
1359 2747 1517 2777 Caeterum
1541 2744 1614 2774 hinc
1629 2754 1683 2783 ap·

189 2794 283 2825 paret,
307 2798 377 2828 quae
393 2789 476 2819 dicta
490 2789 530 2820 sit
544 2789 628 2829 apud
656 2790 864 2821 Athenienses
886 2792 902 2824 ἦ
923 2792 987 2830 μετ’
1013 2790 1169 2824 Εὐκλείδην
1193 2790 1401 2832 γραμματικέ.
1447 2788 1541 2818 Prius
1564 2787 1685 2817 usitata*

189 2829 288 2861 literae
303 2834 484 2866 vocantur-»3
505 2834 702 2876 wemmam-mh
727 2835 844 2876 ἀρχαία
870 2844 924 2864 seu
947 2835 1076 2865 Ἀττικαὶ
1102 2835 1282 2876 γράμματα.
1327 2832 1395 2863 Etsi
1423 2831 1463 2862 de
1487 2830 1537 2861 his
1558 2829 1685 2862 divers?

190 2880 264 2904 sunt
279 2875 440 2905 sententiae
459 2875 637 2908 doctorum:
665 2887 690 2905 v.
711 2876 793 2915 Intp.
809 2876 847 2907 ad
870 2877 1055 2916 Harpocrat.
1070 2887 1098 2907 v.
1114 2878 1258 2910 Ἀφνεικοῖς
1276 2877 1435 2918 γράαμασι
1458 2880 1512 2904 etc.
