1856 3235
210 212 306 253 282
704 203 1270 254 PROLEGOMENA.

222 335 474 399 vulgarem
531 352 756 392 errorem,
811 353 906 400 quo
964 335 1107 383 facile
1155 336 1377 384 ducimur
1424 350 1606 391 omnes,
1652 344 1710 383 ut

227 401 437 451 Criticos
477 402 776 466 antiquitatis
817 402 1005 476 horum,
1057 402 1139 464 qui
1179 419 1311 450 nunc
1350 408 1477 455 sunt,
1518 400 1711 457 similes,

224 476 373 530 atque
398 466 776 515 Aristarchum
764 484 814 514 m
837 467 1002 530 primis
1028 466 1238 515 Bentleii
1273 483 1358 514 seu
1381 465 1711 522 Valckenarii,

224 550 310 581 seu
334 532 555 596 quisquis
580 533 779 596 antiqua
802 532 981 595 scripta
1002 533 1105 595 pari
1122 533 1321 596 ingenio
1341 531 1541 594 expolit,
1565 531 1714 594 longe

227 598 522 646 simillimum
545 607 787 662 putemus.
859 597 1016 659 quue
1039 571 1205 644 nobisO
1216 597 1508 670 peisuadere
1544 596 1717 644 volunt

229 664 374 712 allato
398 663 557 727 elogio
600 663 886 717 Horatiano,
926 662 1036 708 Fiet
1072 664 1393 719 Aristarchus,
1431 679 1510 710 cul
1557 662 1717 726 elogio

234 730 382 778 etiam
407 729 740 776 Panaetianum
766 727 945 774 addere
968 735 1210 790 poterant.

296 795 406 850 Sed,
449 802 506 841 ut
546 811 573 840 a
611 792 878 856 posterioie
920 792 1094 848 ordiar,
1137 792 1259 839 illud
1298 792 1360 839 ad
1396 793 1716 856 interpretem

230 861 446 925 pertinet
491 858 761 915 manifeste,
800 874 898 905 non
941 858 1002 905 ad
1048 858 1427 905 emendatorem.
1525 858 1719 906 Horatii

231 942 349 974 vero
373 932 477 971 tota
500 924 741 971 sententia
772 923 880 971 talis
905 932 993 980 est,
1040 923 1092 969 in
1132 940 1226 987 qua
1265 924 1302 970 si
1327 940 1416 987 pro
1443 925 1718 971 Aristarcho

233 992 554 1039 substituatur
608 990 857 1037 Ramlerus
906 997 1085 1045 noster,
1139 989 1401 1037 aeenimus
1454 989 1722 1036 alienorum

233 1056 515 1105 Carminum
541 1055 817 1118 castigator,
864 1055 1183 1102 mutationem
1200 1054 1343 1118 juxta
1367 1053 1564 1102 ferant
1551 1055 1599 1111 11,
1636 1054 1719 1118 qui

230 1120 375 1184 hujus
413 1120 601 1183 judicia
622 1119 838 1175 laudant,
879 1128 929 1167 et
953 1120 1034 1182 qui
1059 1137 1116 1167 ea
1155 1121 1523 1183 adspernantur.
1596 1120 1721 1168 Inde

233 1193 448 1250 apparet,
478 1185 717 1233 Criticum
735 1185 800 1233 ibi
826 1185 917 1232 hac
936 1185 1288 1249 significatione
1313 1193 1477 1232 nostra
1496 1202 1593 1232 non
1613 1185 1722 1233 dici.

233 1251 343 1300 Jam
391 1250 524 1314 quod
560 1251 720 1297 minus
763 1251 1004 1314 ambigue,
1046 1250 1164 1298 licet
1204 1267 1291 1313 per
1323 1250 1509 1325 jocum,
1553 1251 1722 1298 scribit

239 1317 448 1365 Ciceroa
452 1353 464 1373 ,
510 1317 836 1363 Aristarchum
880 1318 1080 1363 Homerz
1117 1331 1278 1363 versus
1313 1317 1570 1378 negavisse,
1599 1332 1725 1389 'quos

236 1399 330 1430 non
367 1383 658 1444 probaverit,
683 1398 799 1429 num
825 1382 919 1429 1100
952 1381 1132 1429 certius
1169 1381 1422 1445 significat,
1455 1381 1724 1445 principem

239 1448 451 1496 Crltlcoi
456 1465 536 1495 um
561 1455 712 1495 artem
739 1447 1015 1511 corrigendi
1039 1447 1101 1494 ad
1123 1447 1256 1494 hunc
1281 1456 1500 1495 nostrum
1524 1447 1725 1494 modum

236 1522 286 1562 et
309 1522 552 1562 accuratae
575 1513 842 1577 disciplinae
865 1512 1117 1560 formulam
1145 1513 1445 1561 exercuisse?
1473 1529 1534 1560 an
1557 1514 1719 1577 potius

238 1580 438 1628 credere
480 1596 568 1627 nos
592 1580 739 1643 cogit,
782 1578 919 1626 illum
944 1579 1170 1643 neglecta
1203 1579 1358 1642 prima
1381 1579 1491 1642 lege
1514 1578 1728 1626 historiae

239 1653 450 1693 mutasse
471 1653 520 1692 et
544 1645 837 1708 expunxisse
863 1662 933 1701 ea,
959 1645 1010 1692 in
1035 1645 1208 1708 quibus
1236 1644 1480 1692 Homerus
1503 1661 1726 1707 peccare,

236 1711 354 1768 labi,
375 1711 634 1759 dormitare
658 1710 935 1758 videretur?
1002 1710 1188 1758 Seneca
1211 1711 1408 1773 quidem
1429 1727 1510 1757 eos
1542 1727 1724 1766 versus,

238 1793 359 1840 quos
401 1776 715 1824 Aristarchus
738 1783 1016 1840 negaverat,
1055 1777 1227 1823 alienos
1251 1776 1370 1823 dicit
1394 1775 1429 1832 ¹²,
1474 1776 1724 1823 Ausonius

243 1843 390 1891 etiam
425 1843 609 1904 spurios
624 1846 657 1899 ⁰,
682 1841 924 1906 planeque
947 1850 1088 1890 vetus
1111 1842 1348 1905 interpres
1376 1841 1586 1898 Horatii,
1628 1857 1729 1889 ver-

240 1924 318 1955 sus
354 1924 468 1971 quos
489 1908 732 1970 judicarit
763 1908 968 1956 Homeri
1003 1924 1096 1955 non
1136 1924 1232 1955 esse
1243 1929 1262 1965 ;
1298 1924 1457 1971 neque
1499 1907 1728 1971 equidem

241 1974 429 2030 dubito,
457 1974 575 2037 quin
599 1973 633 2019 ii
657 1974 867 2021 maxima
886 1990 946 2021 ex
970 1981 1106 2037 parte
1144 1973 1264 2020 tales
1283 1973 1372 2021 visi
1397 1973 1493 2021 sint
1519 1973 1728 2020 Aristar-

243 2040 366 2087 cho:
407 2042 543 2103 (nam
580 2039 697 2086 varii
739 2039 871 2086 modi
898 2038 1283 2103 corruptelarum
1308 2047 1359 2086 et
1397 2038 1729 2102 interpolatio-

244 2121 378 2161 num,
417 2121 535 2168 quas
562 2104 836 2153 Homerum
861 2112 1118 2169 expertum
1144 2121 1288 2168 supra
1311 2104 1529 2168 exposui,
1576 2104 1733 2153 multo

243 2170 417 2218 clarius
443 2179 547 2217 tum
576 2172 804 2235 cognosci
843 2178 1126 2234 potuerunt,
1153 2187 1296 2234 quam
1335 2187 1395 2218 ex
1420 2178 1558 2218 tanto
1581 2170 1730 2218 inter-

237 2236 364 2284 vallo
405 2237 723 2300 temporumz)
764 2244 979 2284 attamen
1026 2253 1124 2284 non
1166 2236 1329 2293 credo,
1366 2237 1505 2284 istam
1530 2252 1632 2283 rem
1666 2237 1727 2284 ab

238 2301 323 2348 illo
348 2302 397 2348 in
422 2319 600 2366 magno
626 2302 904 2350 discrimine
944 2303 1151 2365 positam
1189 2319 1308 2350 esse.
1379 2302 1536 2349 Immo
1577 2318 1727 2365 quum

234 2367 409 2414 horum
455 2376 729 2431 temporum
776 2376 826 2415 et
882 2368 1134 2415 hominum
1181 2367 1378 2432 ingenia
1422 2368 1631 2423 intueor,
1681 2374 1731 2414 et

238 2432 366 2481 clara
388 2440 608 2480 veterum
632 2434 910 2481 testimonia
929 2442 1156 2482 accurate
1180 2450 1421 2497 comparo,
1441 2433 1593 2481 videri
1612 2432 1729 2479 mihi

276 2574 295 2593 a
317 2563 397 2602 Epp.
415 2563 454 2593 ad
471 2563 581 2593 Famil.
599 2564 669 2595 ΙΙΙ.
688 2568 736 2595 11.
762 2565 852 2595 Conf.
870 2565 1042 2595 earundem
1059 2565 1121 2595 IX.
1142 2568 1188 2595 10.
1212 2570 1242 2595 ct
1259 2565 1345 2595 Orat.
1361 2564 1394 2594 in
1413 2564 1519 2594 Pison.
1534 2566 1585 2595 50.

216 2639 234 2656 ‘
273 2608 294 2636 b
317 2606 397 2645 Epp.
421 2607 661 2637 LXXXVIII.
684 2614 759 2638 extr.
788 2610 965 2638 Aristarchi
986 2614 1056 2639 ηοιιι
1039 2620 1081 2642 ιι,.ς
1106 2609 1214 2648 qulbus
1240 2610 1344 2638 aliena
1374 2608 1519 2637 Carmina
1547 2617 1570 2637 0
1564 2608 1731 2645 ampunaeit,

231 2660 315 2722 demo
302 2650 465 2722 (1111030111)ιὲ
486 2649 609 2689 Nempe
624 2650 657 2680 id
669 2650 808 2681 fecerant
823 2651 1040 2692 faciebantque
1058 2651 1184 2682 Senecae
1209 2656 1298 2681 aetate
1322 2649 1433 2690 plurcS,
1458 2649 1543 2680 infra
1569 2649 1658 2680 nobis
1681 2649 1732 2679 in·

255 2702 320 2722 tcan
347 2702 354 2721 ι

272 2756 289 2776 0
311 2746 393 2786 Epp.
417 2747 483 2776 XV
487 2746 556 2777 ΙΙΙ.
573 2751 624 2779 29.
648 2747 722 2778 Hoc
737 2748 823 2778 enim
838 2758 938 2786 versu,

358 2817 485 2858 Quique
499 2823 590 2848 notas
605 2818 717 2858 spuriis
733 2818 868 2849 versibus
855 2818 1035 2858 >apposuit

226 2889 356 2920 minime
371 2890 479 2921 debuit
493 2890 638 2926 dubitari,
662 2890 738 2931 quin
757 2890 958 2920 Aristarchus
980 2889 1180 2920 describatur.
1228 2887 1343 2928 Majori
1357 2888 1431 2927 jure
1452 2887 1587 2918 dubitari
1612 2886 1729 2926 potuis-

238 2941 276 2963 cr
303 2943 408 2963 annon
425 2934 433 2963 i
437 2933 507 2964 lem
524 2933 621 2964 etiam
635 2933 777 2973 proxime
792 2934 995 2964 antecedente
1010 2943 1099 2964 versu
1119 2931 1252 2963 Ausonii
1270 2930 1458 2962 laudaretur.

980 2991 988 3016 1
