1856 3235
248 248 342 288 264
733 239 1126 290 PROLEGOM
1130 239 1290 288 ENA.

245 368 417 417 cabulo
440 372 599 432 poetae
631 377 785 418 totam
817 371 964 418 vitam
1005 371 1329 434 insumpsisse,
1371 386 1433 417 ne
1473 370 1579 418 haec
1620 373 1721 435 qui·

245 435 355 481 dem
379 442 478 481 tam
501 451 768 484 aerumnosa
789 436 990 483 inventa
1011 437 1154 499 plene
1197 443 1428 499 excerpta
1458 435 1661 499 legimus
1676 442 1720 484 ⁸:

243 499 323 547 alii
339 499 460 547 adeo
477 516 574 547 una
589 517 734 565 prava
754 501 1074 557 correctione,
1092 499 1172 546 alii
1190 518 1286 548 una
1303 501 1721 564 interpretatione,

243 581 320 621 ne,
348 564 427 612 alii
450 581 548 613 uno
571 574 780 614 accentu
797 566 952 621 istam,
981 582 1123 627 quam
1143 565 1368 624 diximus,
1391 566 1720 614 immortalita-

244 638 344 677 tem
368 630 529 694 adepti
553 639 664 678 sunt
688 637 723 677 b.

308 695 481 759 Neque
505 712 622 743 vero
646 712 727 743 eos
751 711 935 752 omnes,
960 711 1163 758 quorum
1187 695 1500 744 auctoritates
1524 713 1551 743 a
1575 696 1722 744 Scho-

244 760 392 807 liastis
418 768 467 808 et
491 760 747 808 Eustathio
772 767 1123 823 expromuntur
1162 760 1213 806 in
1236 760 1526 808 lectionibus
1568 769 1618 810 et
1641 763 1723 809 ob-

245 826 608 881 servationibus,
650 833 933 889 perpetuam
958 825 1347 872 emendationem
1392 824 1597 874 Homeri
1638 834 1723 874 aut

241 891 690 954 interpretationem
727 890 953 954 (διόξθωσιν
979 897 1063 937 aut
1102 890 1300 951 ἐξήγησιν)
1324 889 1563 954 professos
1605 907 1725 949 esse,

236 956 337 1020 jam
361 956 440 1003 alii
475 963 609 1003 recte
633 963 926 1003 monuerunt
947 975 960 1014 ;
985 955 1133 1018 idque
1159 964 1208 1002 et
1231 972 1306 1003 res
1329 956 1431 1019 ipsa
1454 963 1504 1002 et
1535 955 1721 1012 modus,

243 1038 339 1085 quo
361 1021 632 1077 laudantur,
660 1038 800 1084 saepe
830 1037 927 1067 non
952 1021 1156 1068 obscure
1181 1021 1350 1084 arguit.
1419 1019 1570 1068 Multi
1595 1022 1724 1068 enim

245 1085 508 1150 singulares
548 1093 708 1149 partes
758 1086 1010 1148 utriusque
1056 1086 1270 1133 muneris
1310 1085 1588 1133 tractandas
1633 1086 1723 1133 sibi

245 1158 552 1214 sumpserunt
577 1150 898 1213 singularibus
914 1150 1120 1213 scriptis,
1146 1150 1196 1196 in
1221 1151 1392 1213 quibus
1416 1151 1494 1198 vel
1516 1150 1724 1198 latentes

245 1215 594 1264 sententiarum
617 1215 866 1279 scrupulos
900 1215 1142 1272 tollerent,
1181 1232 1207 1263 e
1227 1232 1322 1279 quo
1347 1231 1549 1263 numero
1589 1223 1727 1263 erant

243 1368 318 1394 runt
331 1363 469 1402 impune.
515 1363 672 1394 Caeterum
689 1362 850 1394 Zoilorum
875 1362 1010 1398 historia,
1027 1362 1122 1394 etiam
1137 1368 1208 1402 post
1230 1361 1436 1398 Hardionem,
1460 1372 1524 1393 non
1545 1362 1652 1402 paucis
1665 1361 1725 1393 dif-

243 1405 431 1437 ficultatibus
447 1407 595 1444 impedita
609 1412 664 1437 est.
708 1406 770 1436 Sed
784 1406 1003 1436 celeberrimus
1017 1416 1126 1436 eorum
1141 1405 1225 1436 haud
1247 1406 1341 1436 dubie
1354 1408 1455 1436 rhetor
1477 1405 1546 1441 fuit,
1569 1416 1662 1446 quem
1677 1412 1725 1435 ta-

242 1458 317 1479 men
340 1449 394 1478 ubi
410 1449 519 1479 Strabo
532 1449 669 1488 appellat
684 1448 744 1479 VI.
766 1459 795 1488 p.
816 1451 887 1480 271.
912 1448 1014 1490 (417.)
1037 1449 1071 1478 in
1096 1448 1273 1489 marginem
1299 1447 1467 1489 releganda
1491 1453 1568 1488 puto
1590 1450 1689 1484 verba,
1713 1448 1727 1479 ὅ

241 1492 289 1522 Τὸν
299 1492 419 1533 *Όμηρον
434 1492 537 1531 ψέγων
550 1493 585 1526 ὣς
599 1493 799 1534 μνῦθθγρῶφθῖι
1530 1508 1531 1512 ’

283 1544 302 1565 a
318 1535 365 1565 Ut
381 1534 527 1569 Neotelis,
549 1535 649 1575 ignoti
664 1534 820 1574 scriptoris
835 1534 898 1565 ἕλον
912 1533 970 1571 βίον
987 1534 1108 1576 (minus
1122 1535 1201 1564 bene
1216 1533 1327 1564 Valck.
1352 1534 1420 1567 ἕλην
1439 1533 1559 1574 βίβλον)
1583 1534 1727 1576 γράψαιν-

245 1590 292 1612 'ros
308 1579 370 1620 orte}
385 1579 436 1611 «τῆς
452 1578 535 1608 κατὰ
551 1578 614 1612 τοὺς
629 1578 717 1619 r‘s'pmoes
734 1577 851 1615 τοξείαις,
873 1577 998 1615 compil.
1013 1577 1053 1607 ad
1067 1576 1107 1608 θ’.
1131 1580 1203 1606 325.
1219 1579 1301 1612 325.,
1325 1582 1356 1606 et
1382 1576 1538 1606 Dorothei
1565 1576 1728 1607 Ascaloni-

242 1625 292 1655 tae,
317 1621 380 1662 mg>
395 1620 445 1650 τοῦ
459 1620 571 1651 κλισίαν
594 1620 641 1661 (in
657 1620 725 1650 loco
742 1619 852 1659 Odyss.
868 1619 906 1650 ω’.
923 1619 1010 1659 207.)
1032 1619 1072 1650 ad
1087 1619 1113 1650 ι’.
1130 1623 1179 1650 90.
1224 1619 1289 1654 Qui
1310 1619 1459 1658 posterior
1475 1625 1558 1650 certe
1573 1629 1637 1649 non
1652 1624 1726 1649 ante

242 1662 459 1693 Aristonicum
473 1668 504 1691 et
520 1662 730 1702 Tryphonem,
753 1663 806 1692 sed
827 1662 883 1692 diu
899 1668 971 1692 ante
986 1663 1178 1692 Athenaeum
1204 1661 1288 1697 vixit,
1311 1662 1362 1692 cui
1387 1661 1532 1691 laudatur
1555 1667 1623 1691 tum
1650 1661 1725 1692 alibi

242 1711 312 1735 tum
329 1705 410 1735 VII.
424 1715 456 1744 p.
472 1708 543 1736 329.
567 1705 605 1735 Ε.
628 1715 665 1735 ex
681 1704 886 1745 grandissimo
901 1714 1000 1743 opere,
1024 1704 1144 1739 eodem,
1168 1710 1204 1734 ut
1217 1710 1301 1743 puto,
1325 1704 1416 1744 cujus
1429 1704 1548 1734 mentio
1570 1704 1605 1734 fit
1628 1703 1668 1734 ad
1687 1703 1726 1735 κ’.

243 1751 318 1778 252.
363 1747 415 1777 Ita
432 1747 527 1777 etiam
544 1747 690 1778 Neoteles
705 1747 818 1778 iterum
846 1747 980 1777 occurrit
994 1746 1033 1777 ω’.
1052 1750 1120 1778 118.
1166 1746 1267 1776 Aliud
1293 1752 1338 1777 est
1360 1747 1465 1787 igitur,
1488 1756 1544 1786 per
1568 1751 1666 1777 totam
1681 1747 1730 1776 vi-

242 1796 308 1820 tam
323 1791 459 1830 cogitare
475 1790 514 1820 de
529 1790 634 1830 aliqua
648 1800 689 1825 re,
712 1789 806 1825 aliud,
831 1790 909 1819 nihil
925 1795 1035 1828 praeter
1050 1790 1131 1820 hanc
1148 1799 1244 1819 unam
1258 1799 1325 1819 rem
1340 1795 1479 1819 tractare.

286 1834 306 1863 b
321 1833 475 1871 Exemplo
489 1832 552 1862 sint
566 1833 606 1867 hi,
631 1843 714 1873 quos,
739 1832 879 1872 quamvis
894 1832 1053 1872 aliquanto
1068 1832 1249 1871 posteriores
1278 1831 1438 1862 Zenodoto
1460 1831 1632 1872 plerosque,
1655 1837 1726 1862 tan-

243 1882 277 1906 to
290 1876 449 1906 lubentius
465 1875 514 1904 hic
529 1874 673 1914 anticipo,
697 1875 770 1916 quia
784 1875 828 1905 ita
842 1875 931 1905 nobis
945 1885 1016 1905 area
1029 1880 1243 1914 perpurgatur,
1267 1880 1313 1904 tot
1326 1874 1464 1905 obscuris
1475 1874 1655 1906 hominibus
1667 1875 1728 1905 dif-

243 1919 337 1949 ferta:
364 1918 510 1956 Leptines
526 1918 571 1956 Ψ.
589 1921 660 1949 751.
682 1919 706 1948 ἒν
721 1923 846 1947 mutans
860 1917 893 1947 in
909 1918 942 1953 ἓν,
966 1918 1049 1958 quod
1065 1919 1193 1956 putabat
1207 1927 1272 1947 esse
1286 1917 1390 1960 ‘dv-egon
1418 1917 1550 1952 Attalus,
1574 1917 1678 1948 forsan
1700 1917 1727 1948 is

244 1962 298 2002 qui
314 1961 347 1990 in
363 1963 480 1991 Aratea
494 1966 722 1990 commentatus
736 1966 788 1995 est,
812 1960 862 1990 cui
878 1960 907 1990 o'.
923 1963 994 1990 444.
1018 1959 1119 1991 ἰοδόκον
1134 1960 1286 1990 debemus
1301 1960 1501 2002 παροξυτῦνως,
1525 1959 1594 1990 aliis
1608 1972 1726 2003 προται-

243 2004 390 2046 ροξυτὸνως
405 2003 618 2034 scribentibus:
648 2003 691 2033 ita
706 2003 902 2042 Euphranori
919 2003 952 2041 ξ’.
967 2006 1040 2034 572.
1063 2003 1238 2045 παναίθῃσιν
1251 2012 1308 2041 pro
1327 2002 1462 2032 aliorum
1487 2004 1668 2045 ταναιθξὶπιν,
1690 2008 1728 2033 ut

243 2057 282 2077 ex
298 2047 513 2086 Euphranoris
528 2045 681 2086 discipulo
699 2046 822 2085 Apione
836 2045 930 2075 tradit
945 2046 1087 2076 Eustath.
1102 2055 1131 2085 p.
1147 2049 1219 2077 99‘2.
1263 2044 1453 2076 Ptolemaeus
1479 2045 1648 2085 Evergetes
1674 2045 1724 2076 11.

244 2100 299 2120 rex
315 2089 452 2129 AEgypti,
476 2088 647 2127 discipulus
670 2088 848 2123 Aristarchi,
873 2098 929 2127 pro
942 2088 984 2119 'lou
1001 2088 1111 2128 Odyss.
1136 2087 1164 2119 ε’.
1190 2090 1248 2121 72„
1271 2087 1428 2128 corrigens
1453 2088 1528 2125 αἴσης
1552 2087 1727 2124 Lesbocles,

244 2132 267 2162 f.
282 2133 385 2162 rhetor
402 2131 610 2171 Mitylenaeus
636 2131 676 2161 Il.
692 2131 728 2162 τ’.
745 2136 794 2163 90.
816 2131 927 2161 leniter
941 2137 972 2161 et
986 2131 1058 2161 satis
1073 2130 1182 2161 leviter
1195 2130 1352 2171 corrigens
1366 2131 1430 2165 θεὸς
1445 2130 1467 2162 δ’
1484 2131 1516 2161 i'oe
1539 2131 1584 2172 (h.
1603 2141 1629 2161 e.
1643 2131 1726 2171 μία),

244 2175 422 2215 ibidemque
445 2174 638 2209 Hellanicus,
660 2184 754 2214 quem
771 2174 911 2204 Sturzius
925 2184 944 2204 a
958 2180 1080 2204 vetusto
1093 2173 1238 2204 historico
1259 2175 1339 2204 bene
1352 2173 1504 2209 distinxit,
1528 2173 1623 2204 etiam
1638 2174 1729 2213 inepq

245 2218 309 2247 tius
323 2216 449 2253 9εός3ια;
475 2217 691 2247 Aristodemus
709 2217 839 2257 Nysaeus
861 2217 886 2248 ι’.
901 2220 972 2247 455.
994 2226 1071 2247 corr.
1087 2219 1124 2259 τῇ
1137 2217 1168 2247 οὐ
1182 2216 1309 2255 πιθόμην
1323 2215 1376 2247 οὐδ’
1391 2217 1466 2259 ἔρξω,
1488 2216 1545 2246 etsi
1569 2215 1630 2256 piae
1654 2226 1729 2246 con-

240 2261 370 2300 jecturae
384 2259 517 2299 gloriola
531 2260 713 2290 transfertur
727 2260 767 2290 ad
781 2259 988 2300 antiquiorem
1003 2259 1159 2299 quendam
1187 2259 1405 2298 Sosiphanem3
1432 2259 1638 2290 Democrines
1665 2259 1727 2289 Ca-

246 2302 299 2333 tal.
316 2306 386 2332 251.
401 2312 476 2332 corr.
492 2303 675 2339 12:816an
704 2303 885 2343 Antigonus
901 2302 947 2340 ψ’.
961 2305 1034 2333 519.
1055 2304 1095 2332 ob
1110 2301 1294 2332 insolentem
1317 2308 1503 2332 structuram
1529 2311 1607 2332 corr.
1620 2302 1727 2338 ἱίλλοςς

246 2345 437 2385 Agathocles
451 2345 482 2383 ξ’.
497 2349 570 2376 598.
591 2355 667 2375 corr.
684 2346 861 2388 ἕξοφόροισιν,-
883 2355 984 2385 neque
998 2346 1158 2375 hominem
1175 2355 1212 2375 ex
1236 2345 1350 2375 Scholl.
1375 2344 1415 2375 ad
1439 2343 1476 2375 ω’.
1502 2347 1575 2376 591.
1599 2344 1637 2375 ε’.
1659 2347 1731 2375 239.

245 2388 347 2428 magis
361 2387 507 2418 admirari
522 2387 638 2426 discas;
662 2388 802 2428 Zopyrus
817 2390 840 2419 ἐν
857 2389 986 2421 Μιλήτου
1000 2388 1092 2418 κτίσει
1117 2388 1166 2418 cit.
1194 2387 1230 2418 κ’.
1257 2390 1330 2418 275.
1355 2388 1464 2419 πελλδν
1487 2387 1635 2422 Ἀθηναίη,
1659 2386 1730 2417 lau-

245 2430 338 2461 datus
351 2430 383 2460 in
399 2431 602 2470 grammatico
622 2441 713 2469 opere
728 2431 767 2461 ad
782 2431 820 2462 m‘.
839 2434 925 2468 159.;
949 2431 1120 2470 Dionysius
1137 2430 1376 2471 Scytobrachion
1399 2435 1468 2470 post
1482 2430 1521 2470 γ’.
1537 2433 1586 2459 40.
1609 2439 1729 2459 novum

245 2483 373 2503 versum
388 2473 544 2510 inserens;
570 2473 701 2504 Archias
717 2473 756 2504 ad
773 2474 809 2504 τ’.
828 2478 878 2505 79.
900 2473 956 2503 uni
970 2479 1161 2503 memoratus
1178 2473 1347 2512 Apollonio
1372 2472 1448 2503 Lex.
1462 2482 1490 2501 v.
1513 2473 1672 2509 ὑββάλλειν
1695 2472 1729 2502 in

246 2516 379 2546 lectione
394 2516 546 2550 ἔσταιὸτι-ις,
570 2526 663 2556 quam
679 2517 801 2547 sirecte
816 2523 973 2547 assecutus
987 2523 1033 2547 est
1055 2516 1185 2552 Tollius,
1209 2515 1261 2546 cui
1286 2515 1429 2556 equidem
1452 2515 1610 2551 assentior,
1633 2515 1729 2545 mire-

245 2559 286 2589 ris
303 2569 372 2589 eam
387 2559 420 2588 in
436 2558 652 2598 copiosissimis
669 2559 800 2590 Scholiis
813 2561 871 2590 sub
887 2560 1014 2590 nomine
1029 2559 1112 2589 illius
1135 2569 1200 2589 non
1222 2558 1350 2594 laudari,
1373 2556 1576 2598 ejusdemque
1598 2557 1663 2588 fere
1677 2567 1728 2588 ra·

245 2602 340 2632 tionis
353 2607 512 2632 auctorem
529 2601 571 2631 ibi
587 2602 675 2641 prodi
691 2603 951 2642 Epaphroditum,
974 2602 1162 2641 discipulum
1179 2602 1314 2631 Archiae.
1359 2601 1404 2631 At
1427 2599 1505 2630 nihil
1521 2599 1582 2630 tale
1607 2600 1726 2631 miran-

246 2645 325 2675 dum
341 2644 434 2674 estin
461 2644 586 2674 fortuna
610 2646 722 2675 harum
744 2646 963 2686 reliquiarum:
987 2645 1086 2675 immo
1111 2645 1177 2684 ipse
1202 2643 1386 2674 Eustathius
1409 2641 1578 2673 nonnullas
1603 2642 1729 2673 illarum

247 2697 333 2718 unus
354 2688 478 2726 praebet.
524 2688 574 2717 Ita
589 2697 700 2718 vanam
717 2689 797 2729 conj.
812 2690 844 2718 in
863 2688 973 2728 Odyss.
990 2688 1028 2719 λ’.
1046 2691 1094 2718 14.
1118 2687 1266 2730 Χειμιρίων
1281 2697 1309 2726 p.
1327 2686 1483 2728 Κιμμερίων
1504 2695 1604 2716 unum
1621 2686 1728 2726 Etym.

247 2730 296 2760 M.
310 2741 339 2770 p.
355 2733 427 2761 515.
449 2730 593 2770 proponit
608 2731 788 2761 auctoritate
806 2732 926 2762 Proteae
944 2730 1158 2771 Zeugmatitae,
1182 2729 1322 2770 ejusdem
1349 2730 1432 2759 baud
1455 2728 1556 2764 dubie,
1580 2728 1669 2769 cujus
1683 2728 1727 2758 le·

246 2773 293 2803 vis
306 2773 518 2812 interpretatio
532 2778 632 2804 exstat
646 2773 685 2803 ad
701 2775 735 2804 α’.
757 2777 829 2805 410.
872 2773 994 2804 Eodem
1011 2773 1105 2804 modo
1119 2772 1216 2804 semel
1241 2774 1280 2803 ab
1306 2771 1477 2810 Apollonio
1503 2771 1558 2802 illo
1582 2771 1729 2801 laudatur

245 2826 302 2846 seu
316 2816 419 2856 potius
434 2822 558 2846 notatur
573 2816 780 2847 Demetrius-ff
798 2817 928 2852 Πύκτης,
954 2816 991 2848 λ’.
1013 2820 1085 2848 495.
1106 2816 1234 2847 verbum
1258 2815 1428 2854 ὄπαζὸμενος
1454 2814 1580 2853 interpr.
1606 2814 1731 2855 πληρού-

245 2872 333 2895 μενος.
379 2858 441 2889 Sed
456 2858 490 2889 in
505 2858 600 2890 semel
616 2859 784 2889 nominatis
800 2860 1018 2899 interpretibus
1033 2859 1140 2890 nullus
1155 2858 1257 2898 magis
1271 2857 1421 2888 ridiculus
1436 2863 1482 2888 est
1506 2866 1600 2898 quam
1628 2856 1728 2896 Agal-

245 2901 303 2931 lias
320 2901 573 2941 Aristophaneus,
597 2902 648 2932 cui
663 2902 866 2943 conjectando
881 2913 921 2933 an
941 2902 1128 2933 somniando
1143 2902 1176 2931 in
1200 2907 1337 2931 mentem
1353 2906 1485 2935 venerat,
1509 2900 1588 2932 duas
1602 2900 1693 2930 urbes
1708 2909 1728 2929 a

246 2944 392 2975 Vulcano
406 2945 438 2975 in
458 2945 551 2977 Scuto
565 2945 660 2976 factas
674 2945 710 2977 α’.
726 2949 798 2978 490.
843 2946 983 2976 Athenas
1004 2951 1037 2976 et
1050 2944 1233 2976 Eleusinem
1249 2954 1322 2975 esse.
