<?xml version="1.0" encoding="UTF-8"?>
<!DOCTYPE html PUBLIC "-//W3C//DTD XHTML 1.0 Transitional//EN"
    "http://www.w3.org/TR/xhtml1/DTD/xhtml1-transitional.dtd">
<html xmlns="http://www.w3.org/1999/xhtml" xml:lang="en" lang="en">
 <head>
  <title>
</title>
<meta http-equiv="Content-Type" content="text/html;charset=utf-8" />
  <meta name='ocr-system' content='tesseract 3.04.00' />
  <meta name='ocr-capabilities' content='ocr_page ocr_carea ocr_par ocr_line ocrx_word'/>
</head>
<body>
  <div class='ocr_page' id='page_1' title='image "./operaomnia05home/operaomnia05home_0445.png"; bbox 0 0 1856 3235; ppageno 0'>
   <div class='ocr_carea' id='block_1_1' title="bbox 490 201 1196 242">
    <p class='ocr_par' dir='ltr' id='par_1_1' title="bbox 490 201 1196 242">
     <span class='ocr_line' id='line_1_1' title="bbox 490 201 1196 242; baseline -0.006 1"><span class='ocrx_word' id='word_1_1' title='bbox 490 202 694 242; x_wconf 83' lang='lat' dir='ltr'>RERUM</span> <span class='ocrx_word' id='word_1_2' title='bbox 722 201 1196 240; x_wconf 87' lang='lat' dir='ltr'><strong>MEMORABILIUM.</strong></span> 
     </span>
    </p>
   </div>
   <div class='ocr_carea' id='block_1_2' title="bbox 1557 193 1606 240">
    <p class='ocr_par' dir='ltr' id='par_1_2' title="bbox 1557 193 1606 240">
     <span class='ocr_line' id='line_1_2' title="bbox 1557 193 1606 240; baseline 0.041 -2"><span class='ocrx_word' id='word_1_3' title='bbox 1557 193 1606 240; x_wconf 61' lang='lat'>‘13</span> 
     </span>
    </p>
   </div>
   <div class='ocr_carea' id='block_1_3' title="bbox 143 301 1432 350">
    <p class='ocr_par' dir='ltr' id='par_1_3' title="bbox 143 301 1432 350">
     <span class='ocr_line' id='line_1_3' title="bbox 143 301 1432 350; baseline -0.005 -12"><span class='ocrx_word' id='word_1_4' title='bbox 143 309 236 350; x_wconf 63' lang='lat' dir='ltr'>&#39;tigne</span> <span class='ocrx_word' id='word_1_5' title='bbox 249 306 400 347; x_wconf 78' lang='lat' dir='ltr'>excipitur,</span> <span class='ocrx_word' id='word_1_6' title='bbox 411 309 455 338; x_wconf 91' lang='lat'>47.</span> <span class='ocrx_word' id='word_1_7' title='bbox 469 304 506 333; x_wconf 81' lang='lat' dir='ltr'>ab</span> <span class='ocrx_word' id='word_1_8' title='bbox 519 302 635 332; x_wconf 90' lang='lat' dir='ltr'>Helena</span> <span class='ocrx_word' id='word_1_9' title='bbox 647 302 827 342; x_wconf 78' lang='lat' dir='ltr'>agnoscitur,</span> <span class='ocrx_word' id='word_1_10' title='bbox 878 302 1000 332; x_wconf 85' lang='lat' dir='ltr'><strong>Themis</strong></span> <span class='ocrx_word' id='word_1_11' title='bbox 1008 301 1122 331; x_wconf 59' lang='lat' dir='ltr'>,Iunoni</span> <span class='ocrx_word' id='word_1_12' title='bbox 1135 301 1282 340; x_wconf 85' lang='lat' dir='ltr'>propinat,</span> <span class='ocrx_word' id='word_1_13' title='bbox 1303 301 1340 330; x_wconf 89' lang='grc' dir='ltr'>ΙΙ.</span> <span class='ocrx_word' id='word_1_14' title='bbox 1353 315 1373 331; x_wconf 78' lang='lat'>0.</span> <span class='ocrx_word' id='word_1_15' title='bbox 1387 305 1432 334; x_wconf 81' lang='grc'>87.</span> 
     </span>
    </p>
   </div>
   <div class='ocr_carea' id='block_1_4' title="bbox 152 352 830 416">
    <p class='ocr_par' dir='ltr' id='par_1_4' title="bbox 152 352 830 416">
     <span class='ocr_line' id='line_1_4' title="bbox 152 352 830 416; baseline -0.015 0"><span class='ocrx_word' id='word_1_16' title='bbox 152 352 339 416; x_wconf 54' lang='lat' dir='ltr'>Pigisti-ltilnum</span> <span class='ocrx_word' id='word_1_17' title='bbox 353 383 389 412; x_wconf 90' lang='lat' dir='ltr'>de</span> <span class='ocrx_word' id='word_1_18' title='bbox 401 382 495 411; x_wconf 86' lang='lat' dir='ltr'>reditu</span> <span class='ocrx_word' id='word_1_19' title='bbox 509 384 613 412; x_wconf 82' lang='lat' dir='ltr'>monet,</span> <span class='ocrx_word' id='word_1_20' title='bbox 627 393 648 408; x_wconf 78' lang='grc' dir='ltr'>ο.</span> <span class='ocrx_word' id='word_1_21' title='bbox 663 381 710 408; x_wconf 84' lang='grc'>46.</span> <span class='ocrx_word' id='word_1_22' title='bbox 731 389 750 408; x_wconf 90' lang='lat' dir='ltr'>a</span> <span class='ocrx_word' id='word_1_23' title='bbox 761 379 830 407; x_wconf 88' lang='lat' dir='ltr'>Me-</span> 
     </span>
    </p>
   </div>
   <div class='ocr_carea' id='block_1_5' title="bbox 331 332 1601 380">
    <p class='ocr_par' dir='ltr' id='par_1_5' title="bbox 331 332 1601 380">
     <span class='ocr_line' id='line_1_5' title="bbox 331 332 1601 380; baseline -0.005 -6"><span class='ocrx_word' id='word_1_24' title='bbox 331 344 466 374; x_wconf 78' lang='lat' dir='ltr'>Menelao</span> <span class='ocrx_word' id='word_1_25' title='bbox 487 341 667 380; x_wconf 86' lang='lat' dir='ltr'>colloquitur,</span> <span class='ocrx_word' id='word_1_26' title='bbox 691 345 757 370; x_wconf 90' lang='lat'><strong>315.</strong></span> <span class='ocrx_word' id='word_1_27' title='bbox 771 345 828 369; x_wconf 89' lang='lat' dir='ltr'>etc.</span> <span class='ocrx_word' id='word_1_28' title='bbox 878 341 1012 375; x_wconf 87' lang='lat' dir='ltr'><strong>Themis,</strong></span> <span class='ocrx_word' id='word_1_29' title='bbox 1028 341 1103 373; x_wconf 86' lang='lat' dir='ltr'>Dea,</span> <span class='ocrx_word' id='word_1_30' title='bbox 1118 340 1227 379; x_wconf 72' lang='lat' dir='ltr'>Hymn.</span> <span class='ocrx_word' id='word_1_31' title='bbox 1241 344 1266 368; x_wconf 91' lang='lat'>1.</span> <span class='ocrx_word' id='word_1_32' title='bbox 1278 340 1307 369; x_wconf 90' lang='lat' dir='ltr'>in</span> <span class='ocrx_word' id='word_1_33' title='bbox 1318 340 1415 380; x_wconf 86' lang='lat' dir='ltr'><strong>Apoll.</strong></span> <span class='ocrx_word' id='word_1_34' title='bbox 1431 344 1478 372; x_wconf 87' lang='lat'>94.</span> <span class='ocrx_word' id='word_1_35' title='bbox 1491 332 1601 379; x_wconf 76' lang='lat' dir='ltr'>Hymn.</span> 
     </span>
    </p>
   </div>
   <div class='ocr_carea' id='block_1_6' title="bbox 916 379 1106 408">
    <p class='ocr_par' dir='ltr' id='par_1_6' title="bbox 916 379 1106 408">
     <span class='ocr_line' id='line_1_6' title="bbox 916 379 1106 408; baseline -0.005 0"><span class='ocrx_word' id='word_1_36' title='bbox 916 379 946 408; x_wconf 89' lang='lat' dir='ltr'>in</span> <span class='ocrx_word' id='word_1_37' title='bbox 959 380 1065 408; x_wconf 88' lang='lat' dir='ltr'>Jovem</span> <span class='ocrx_word' id='word_1_38' title='bbox 1079 383 1106 408; x_wconf 93' lang='grc'>2.</span> 
     </span>
    </p>
   </div>
   <div class='ocr_carea' id='block_1_7' title="bbox 152 417 1603 463">
    <p class='ocr_par' dir='ltr' id='par_1_7' title="bbox 152 417 1603 463">
     <span class='ocr_line' id='line_1_7' title="bbox 152 417 1603 463; baseline -0.003 -12"><span class='ocrx_word' id='word_1_39' title='bbox 152 425 237 454; x_wconf 77' lang='lat' dir='ltr'>nelao</span> <span class='ocrx_word' id='word_1_40' title='bbox 250 423 332 463; x_wconf 73' lang='lat' dir='ltr'>petit,</span> <span class='ocrx_word' id='word_1_41' title='bbox 345 427 378 450; x_wconf 87' lang='lat' dir='ltr'>ut</span> <span class='ocrx_word' id='word_1_42' title='bbox 399 431 431 450; x_wconf 89' lang='lat' dir='ltr'>se</span> <span class='ocrx_word' id='word_1_43' title='bbox 447 419 586 452; x_wconf 84' lang='lat' dir='ltr'>dimittat,</span> <span class='ocrx_word' id='word_1_44' title='bbox 603 419 649 447; x_wconf 90' lang='grc'>65.</span> <span class='ocrx_word' id='word_1_45' title='bbox 664 422 710 450; x_wconf 91' lang='grc'>87.</span> <span class='ocrx_word' id='word_1_46' title='bbox 731 428 831 447; x_wconf 88' lang='lat' dir='ltr'>mune·</span> <span class='ocrx_word' id='word_1_47' title='bbox 879 418 1126 457; x_wconf 80' lang='lat' dir='ltr'>Theoclymenus,</span> <span class='ocrx_word' id='word_1_48' title='bbox 1141 421 1235 450; x_wconf 76' lang='lat' dir='ltr'>vates,</span> <span class='ocrx_word' id='word_1_49' title='bbox 1256 417 1293 446; x_wconf 88' lang='lat' dir='ltr'>ad</span> <span class='ocrx_word' id='word_1_50' title='bbox 1315 417 1486 447; x_wconf 85' lang='lat' dir='ltr'>Telemachi</span> <span class='ocrx_word' id='word_1_51' title='bbox 1498 427 1603 446; x_wconf 85' lang='lat' dir='ltr'>navem</span> 
     </span>
    </p>
   </div>
   <div class='ocr_carea' id='block_1_8' title="bbox 126 461 856 3055">
    <p class='ocr_par' dir='ltr' id='par_1_8' title="bbox 151 461 851 2393">
     <span class='ocr_line' id='line_1_8' title="bbox 153 461 832 495; baseline -0.01 -3"><span class='ocrx_word' id='word_1_52' title='bbox 153 463 234 492; x_wconf 86' lang='lat' dir='ltr'>ribus</span> <span class='ocrx_word' id='word_1_53' title='bbox 246 465 380 495; x_wconf 82' lang='lat' dir='ltr'>donatur,</span> <span class='ocrx_word' id='word_1_54' title='bbox 395 461 458 488; x_wconf 91' lang='grc'><strong>113.</strong></span> <span class='ocrx_word' id='word_1_55' title='bbox 488 461 551 486; x_wconf 92' lang='grc'><strong>125.</strong></span> <span class='ocrx_word' id='word_1_56' title='bbox 566 466 681 485; x_wconf 88' lang='lat' dir='ltr'>currum</span> <span class='ocrx_word' id='word_1_57' title='bbox 694 467 832 486; x_wconf 88' lang='lat' dir='ltr'>conscen-</span> 
     </span>
     <span class='ocr_line' id='line_1_9' title="bbox 153 495 831 537; baseline 0 -7"><span class='ocrx_word' id='word_1_58' title='bbox 153 501 210 535; x_wconf 80' lang='lat' dir='ltr'>dit,</span> <span class='ocrx_word' id='word_1_59' title='bbox 234 505 298 530; x_wconf 79' lang='lat'><strong>145.</strong></span> <span class='ocrx_word' id='word_1_60' title='bbox 319 501 438 537; x_wconf 77' lang='lat' dir='ltr'>accepto</span> <span class='ocrx_word' id='word_1_61' title='bbox 462 495 579 534; x_wconf 85' lang='lat' dir='ltr'>Aquilae</span> <span class='ocrx_word' id='word_1_62' title='bbox 605 495 736 535; x_wconf 82' lang='lat' dir='ltr'>augurio,</span> <span class='ocrx_word' id='word_1_63' title='bbox 757 495 831 529; x_wconf 87' lang='lat' dir='ltr'>abit,</span> 
     </span>
     <span class='ocr_line' id='line_1_10' title="bbox 155 534 833 573; baseline -0.012 -3"><span class='ocrx_word' id='word_1_64' title='bbox 155 543 221 570; x_wconf 87' lang='lat'><strong>182.</strong></span> <span class='ocrx_word' id='word_1_65' title='bbox 263 537 447 568; x_wconf 74' lang='lat' dir='ltr'><strong>Pisistratum</strong></span> <span class='ocrx_word' id='word_1_66' title='bbox 460 534 630 573; x_wconf 79' lang='lat' dir='ltr'><strong>alloquitur,</strong></span> <span class='ocrx_word' id='word_1_67' title='bbox 654 538 717 566; x_wconf 90' lang='grc'><strong>195.</strong></span> <span class='ocrx_word' id='word_1_68' title='bbox 739 534 833 563; x_wconf 89' lang='lat' dir='ltr'>socios</span> 
     </span>
     <span class='ocr_line' id='line_1_11' title="bbox 153 573 832 611; baseline -0.004 -7"><span class='ocrx_word' id='word_1_69' title='bbox 153 578 299 611; x_wconf 75' lang='lat' dir='ltr'><strong>hortatus,</strong></span> <span class='ocrx_word' id='word_1_70' title='bbox 314 575 457 604; x_wconf 88' lang='lat' dir='ltr'>Minervae</span> <span class='ocrx_word' id='word_1_71' title='bbox 475 583 561 602; x_wconf 86' lang='lat' dir='ltr'>sacra</span> <span class='ocrx_word' id='word_1_72' title='bbox 576 573 662 607; x_wconf 88' lang='lat' dir='ltr'>facit,</span> <span class='ocrx_word' id='word_1_73' title='bbox 683 577 750 602; x_wconf 87' lang='lat'><strong>222.</strong></span> <span class='ocrx_word' id='word_1_74' title='bbox 765 577 832 602; x_wconf 89' lang='grc'><strong>258.</strong></span> 
     </span>
     <span class='ocr_line' id='line_1_12' title="bbox 153 611 834 652; baseline -0.01 -5"><span class='ocrx_word' id='word_1_75' title='bbox 153 626 219 646; x_wconf 85' lang='lat' dir='ltr'>cum</span> <span class='ocrx_word' id='word_1_76' title='bbox 231 613 444 652; x_wconf 79' lang='lat' dir='ltr'>Theoclymeno</span> <span class='ocrx_word' id='word_1_77' title='bbox 464 611 649 650; x_wconf 76' lang='lat' dir='ltr'>colloquitur,</span> <span class='ocrx_word' id='word_1_78' title='bbox 667 613 734 641; x_wconf 87' lang='grc'><strong>265.</strong></span> <span class='ocrx_word' id='word_1_79' title='bbox 754 621 834 640; x_wconf 90' lang='lat' dir='ltr'>eum-</span> 
     </span>
     <span class='ocr_line' id='line_1_13' title="bbox 154 650 834 718; baseline -0.006 -35"><span class='ocrx_word' id='word_1_80' title='bbox 154 654 252 694; x_wconf 86' lang='lat' dir='ltr'>quein</span> <span class='ocrx_word' id='word_1_81' title='bbox 263 662 363 682; x_wconf 87' lang='lat' dir='ltr'>navem</span> <span class='ocrx_word' id='word_1_82' title='bbox 377 650 512 718; x_wconf 46' lang='lat' dir='ltr'>susgitssin</span> <span class='ocrx_word' id='word_1_83' title='bbox 527 655 593 680; x_wconf 82' lang='lat'><strong>282.</strong></span> <span class='ocrx_word' id='word_1_84' title='bbox 614 661 633 680; x_wconf 90' lang='lat' dir='ltr'>a</span> <span class='ocrx_word' id='word_1_85' title='bbox 646 650 721 690; x_wconf 80' lang='lat' dir='ltr'>Pylo</span> <span class='ocrx_word' id='word_1_86' title='bbox 733 650 834 684; x_wconf 84' lang='lat' dir='ltr'>solvit,</span> 
     </span>
     <span class='ocr_line' id='line_1_14' title="bbox 153 689 835 728; baseline -0.007 -6"><span class='ocrx_word' id='word_1_87' title='bbox 153 697 220 725; x_wconf 84' lang='lat'><strong>287.</strong></span> <span class='ocrx_word' id='word_1_88' title='bbox 259 692 392 720; x_wconf 79' lang='lat' dir='ltr'>Ithacam</span> <span class='ocrx_word' id='word_1_89' title='bbox 416 700 431 718; x_wconf 89' lang='lat' dir='ltr'>r</span> <span class='ocrx_word' id='word_1_90' title='bbox 479 694 504 722; x_wconf 81' lang='lat' dir='ltr'>t,</span> <span class='ocrx_word' id='word_1_91' title='bbox 529 693 595 721; x_wconf 85' lang='lat'><strong>494.</strong></span> <span class='ocrx_word' id='word_1_92' title='bbox 645 689 835 728; x_wconf 84' lang='lat' dir='ltr'>Theoclyme·</span> 
     </span>
     <span class='ocr_line' id='line_1_15' title="bbox 154 727 837 767; baseline -0.006 -7"><span class='ocrx_word' id='word_1_93' title='bbox 154 741 221 761; x_wconf 84' lang='lat' dir='ltr'>num</span> <span class='ocrx_word' id='word_1_94' title='bbox 255 729 409 763; x_wconf 83' lang='lat' dir='ltr'>allocutus,</span> <span class='ocrx_word' id='word_1_95' title='bbox 440 727 587 767; x_wconf 83' lang='lat' dir='ltr'>accipitris</span> <span class='ocrx_word' id='word_1_96' title='bbox 611 738 696 756; x_wconf 90' lang='lat' dir='ltr'>omen</span> <span class='ocrx_word' id='word_1_97' title='bbox 721 727 837 767; x_wconf 90' lang='lat' dir='ltr'>conspi-</span> 
     </span>
     <span class='ocr_line' id='line_1_16' title="bbox 154 769 282 804; baseline -0.016 -5"><span class='ocrx_word' id='word_1_98' title='bbox 154 769 205 804; x_wconf 86' lang='lat' dir='ltr'>cit,</span> <span class='ocrx_word' id='word_1_99' title='bbox 219 771 282 798; x_wconf 79' lang='lat'><strong>524.</strong></span> 
     </span>
     <span class='ocr_line' id='line_1_17' title="bbox 153 805 837 841; baseline -0.006 -4"><span class='ocrx_word' id='word_1_100' title='bbox 153 807 213 841; x_wconf 80' lang='lat' dir='ltr'>dat,</span> <span class='ocrx_word' id='word_1_101' title='bbox 227 810 293 836; x_wconf 87' lang='grc'><strong>538.</strong></span> <span class='ocrx_word' id='word_1_102' title='bbox 313 805 351 834; x_wconf 84' lang='lat' dir='ltr'>ad</span> <span class='ocrx_word' id='word_1_103' title='bbox 368 805 516 834; x_wconf 86' lang='lat' dir='ltr'>Eumaeum</span> <span class='ocrx_word' id='word_1_104' title='bbox 537 805 669 840; x_wconf 81' lang='lat' dir='ltr'>divertit,</span> <span class='ocrx_word' id='word_1_105' title='bbox 685 809 750 834; x_wconf 78' lang='lat'><strong>554.</strong></span> <span class='ocrx_word' id='word_1_106' title='bbox 772 815 837 833; x_wconf 89' lang='lat' dir='ltr'>cum</span> 
     </span>
     <span class='ocr_line' id='line_1_18' title="bbox 152 843 836 884; baseline -0.006 -9"><span class='ocrx_word' id='word_1_107' title='bbox 152 856 188 875; x_wconf 82' lang='lat' dir='ltr'>eo</span> <span class='ocrx_word' id='word_1_108' title='bbox 200 849 231 874; x_wconf 87' lang='lat' dir='ltr'>et</span> <span class='ocrx_word' id='word_1_109' title='bbox 244 845 350 884; x_wconf 75' lang='lat' dir='ltr'>Ulysse</span> <span class='ocrx_word' id='word_1_110' title='bbox 364 844 373 872; x_wconf 89' lang='lat' dir='ltr'>i</span> <span class='ocrx_word' id='word_1_111' title='bbox 415 849 466 873; x_wconf 85' lang='lat' dir='ltr'>oto</span> <span class='ocrx_word' id='word_1_112' title='bbox 477 843 663 883; x_wconf 76' lang='lat' dir='ltr'>colloquitur,</span> <span class='ocrx_word' id='word_1_113' title='bbox 678 858 705 874; x_wconf 64' lang='lat' dir='ltr'>er.</span> <span class='ocrx_word' id='word_1_114' title='bbox 720 848 767 873; x_wconf 91' lang='lat'>30.</span> <span class='ocrx_word' id='word_1_115' title='bbox 780 848 836 872; x_wconf 89' lang='lat' dir='ltr'>etc.</span> 
     </span>
     <span class='ocr_line' id='line_1_19' title="bbox 153 882 838 922; baseline -0.004 -8"><span class='ocrx_word' id='word_1_116' title='bbox 153 884 303 914; x_wconf 85' lang='lat' dir='ltr'>Eumaeum</span> <span class='ocrx_word' id='word_1_117' title='bbox 322 883 358 912; x_wconf 89' lang='lat' dir='ltr'>ad</span> <span class='ocrx_word' id='word_1_118' title='bbox 411 883 549 922; x_wconf 89' lang='lat' dir='ltr'>enelopen</span> <span class='ocrx_word' id='word_1_119' title='bbox 569 883 673 917; x_wconf 86' lang='lat' dir='ltr'>mittit,</span> <span class='ocrx_word' id='word_1_120' title='bbox 692 886 755 911; x_wconf 87' lang='lat'><strong>130.</strong></span> <span class='ocrx_word' id='word_1_121' title='bbox 797 882 838 910; x_wconf 90' lang='lat' dir='ltr'>U-</span> 
     </span>
     <span class='ocr_line' id='line_1_20' title="bbox 152 921 838 962; baseline -0.004 -10"><span class='ocrx_word' id='word_1_122' title='bbox 152 923 261 962; x_wconf 82' lang='lat' dir='ltr'>lyssem</span> <span class='ocrx_word' id='word_1_123' title='bbox 273 932 436 961; x_wconf 80' lang='lat' dir='ltr'>agnoscens</span> <span class='ocrx_word' id='word_1_124' title='bbox 449 921 642 960; x_wconf 82' lang='lat' dir='ltr'>amplectitur,</span> <span class='ocrx_word' id='word_1_125' title='bbox 657 925 723 951; x_wconf 90' lang='grc'><strong>213.</strong></span> <span class='ocrx_word' id='word_1_126' title='bbox 765 921 838 950; x_wconf 91' lang='lat' dir='ltr'>Pro-</span> 
     </span>
     <span class='ocr_line' id='line_1_21' title="bbox 151 959 837 994; baseline -0.003 -4"><span class='ocrx_word' id='word_1_127' title='bbox 151 971 250 990; x_wconf 89' lang='lat' dir='ltr'>corum</span> <span class='ocrx_word' id='word_1_128' title='bbox 263 971 412 990; x_wconf 88' lang='lat' dir='ltr'>numerum</span> <span class='ocrx_word' id='word_1_129' title='bbox 435 965 583 994; x_wconf 78' lang='lat' dir='ltr'>recenset,</span> <span class='ocrx_word' id='word_1_130' title='bbox 607 964 672 990; x_wconf 86' lang='grc'><strong>245.</strong></span> <span class='ocrx_word' id='word_1_131' title='bbox 694 964 724 988; x_wconf 90' lang='lat' dir='ltr'>et</span> <span class='ocrx_word' id='word_1_132' title='bbox 737 959 774 988; x_wconf 92' lang='lat' dir='ltr'>de</span> <span class='ocrx_word' id='word_1_133' title='bbox 787 969 837 988; x_wconf 92' lang='lat' dir='ltr'>eo-</span> 
     </span>
     <span class='ocr_line' id='line_1_22' title="bbox 151 998 837 1038; baseline -0.003 -9"><span class='ocrx_word' id='word_1_134' title='bbox 151 1010 216 1029; x_wconf 86' lang='lat' dir='ltr'>rum</span> <span class='ocrx_word' id='word_1_135' title='bbox 228 1000 311 1028; x_wconf 83' lang='lat' dir='ltr'>caede</span> <span class='ocrx_word' id='word_1_136' title='bbox 324 1010 389 1028; x_wconf 87' lang='lat' dir='ltr'>eum</span> <span class='ocrx_word' id='word_1_137' title='bbox 403 999 509 1038; x_wconf 79' lang='lat' dir='ltr'>Ulysse</span> <span class='ocrx_word' id='word_1_138' title='bbox 522 999 672 1032; x_wconf 84' lang='lat' dir='ltr'>deliberat,</span> <span class='ocrx_word' id='word_1_139' title='bbox 687 1000 751 1028; x_wconf 86' lang='grc'><strong>256.</strong></span> <span class='ocrx_word' id='word_1_140' title='bbox 775 998 837 1027; x_wconf 91' lang='lat' dir='ltr'>Eu-</span> 
     </span>
     <span class='ocr_line' id='line_1_23' title="bbox 153 1037 837 1078; baseline -0.003 -10"><span class='ocrx_word' id='word_1_141' title='bbox 153 1049 258 1068; x_wconf 86' lang='lat' dir='ltr'>maeum</span> <span class='ocrx_word' id='word_1_142' title='bbox 283 1048 431 1067; x_wconf 86' lang='lat' dir='ltr'>reversum</span> <span class='ocrx_word' id='word_1_143' title='bbox 455 1038 625 1078; x_wconf 82' lang='lat' dir='ltr'>interrogat,</span> <span class='ocrx_word' id='word_1_144' title='bbox 650 1039 716 1067; x_wconf 82' lang='lat'><strong>460.</strong></span> <span class='ocrx_word' id='word_1_145' title='bbox 738 1037 776 1066; x_wconf 87' lang='lat' dir='ltr'>ad</span> <span class='ocrx_word' id='word_1_146' title='bbox 789 1048 837 1066; x_wconf 91' lang='lat' dir='ltr'>nr-</span> 
     </span>
     <span class='ocr_line' id='line_1_24' title="bbox 154 1076 837 1122; baseline -0.001 -16"><span class='ocrx_word' id='word_1_147' title='bbox 154 1077 219 1106; x_wconf 88' lang='lat' dir='ltr'>bem</span> <span class='ocrx_word' id='word_1_148' title='bbox 234 1077 434 1122; x_wconf 85' lang='lat' dir='ltr'>proficiscitur,</span> <span class='ocrx_word' id='word_1_149' title='bbox 450 1092 471 1116; x_wconf 67' lang='lat' dir='ltr'>g.</span> <span class='ocrx_word' id='word_1_150' title='bbox 486 1079 533 1106; x_wconf 88' lang='lat'>26.</span> <span class='ocrx_word' id='word_1_151' title='bbox 549 1088 567 1106; x_wconf 90' lang='lat' dir='ltr'>a</span> <span class='ocrx_word' id='word_1_152' title='bbox 582 1076 691 1105; x_wconf 91' lang='lat' dir='ltr'>Penelo</span> <span class='ocrx_word' id='word_1_153' title='bbox 740 1076 776 1105; x_wconf 92' lang='lat' dir='ltr'>de</span> <span class='ocrx_word' id='word_1_154' title='bbox 789 1076 837 1105; x_wconf 89' lang='lat' dir='ltr'>iti-</span> 
     </span>
     <span class='ocr_line' id='line_1_25' title="bbox 151 1115 838 1156; baseline -0.001 -11"><span class='ocrx_word' id='word_1_155' title='bbox 151 1126 222 1146; x_wconf 86' lang='lat' dir='ltr'>nere</span> <span class='ocrx_word' id='word_1_156' title='bbox 232 1120 439 1156; x_wconf 80' lang='lat' dir='ltr'>interrogatur,</span> <span class='ocrx_word' id='word_1_157' title='bbox 453 1120 499 1145; x_wconf 84' lang='grc'><strong>4-1.</strong></span> <span class='ocrx_word' id='word_1_158' title='bbox 541 1115 670 1144; x_wconf 84' lang='lat' dir='ltr'>Piraeum</span> <span class='ocrx_word' id='word_1_159' title='bbox 701 1126 757 1144; x_wconf 88' lang='lat' dir='ltr'>ona</span> <span class='ocrx_word' id='word_1_160' title='bbox 770 1115 838 1144; x_wconf 79' lang='lat' dir='ltr'>Me-</span> 
     </span>
     <span class='ocr_line' id='line_1_26' title="bbox 154 1154 838 1194; baseline 0 -11"><span class='ocrx_word' id='word_1_161' title='bbox 154 1155 234 1184; x_wconf 83' lang='lat' dir='ltr'>nela&#39;i</span> <span class='ocrx_word' id='word_1_162' title='bbox 247 1165 364 1184; x_wconf 86' lang='lat' dir='ltr'>servare</span> <span class='ocrx_word' id='word_1_163' title='bbox 373 1155 469 1194; x_wconf 86' lang='lat' dir='ltr'>jubet,</span> <span class='ocrx_word' id='word_1_164' title='bbox 488 1159 533 1187; x_wconf 88' lang='lat'>78.</span> <span class='ocrx_word' id='word_1_165' title='bbox 575 1154 729 1193; x_wconf 89' lang='lat' dir='ltr'>Penelopae</span> <span class='ocrx_word' id='word_1_166' title='bbox 753 1154 838 1183; x_wconf 85' lang='lat' dir='ltr'>itine-</span> 
     </span>
     <span class='ocr_line' id='line_1_27' title="bbox 155 1193 840 1232; baseline 0 -10"><span class='ocrx_word' id='word_1_167' title='bbox 155 1193 197 1223; x_wconf 88' lang='lat' dir='ltr'>ris</span> <span class='ocrx_word' id='word_1_168' title='bbox 207 1204 373 1223; x_wconf 74' lang='lat' dir='ltr'>successum</span> <span class='ocrx_word' id='word_1_169' title='bbox 386 1193 484 1228; x_wconf 80' lang='lat' dir='ltr'>refert,</span> <span class='ocrx_word' id='word_1_170' title='bbox 500 1198 561 1226; x_wconf 87' lang='lat'><strong>107.</strong></span> <span class='ocrx_word' id='word_1_171' title='bbox 597 1193 698 1232; x_wconf 85' lang='lat' dir='ltr'>Ulyssi</span> <span class='ocrx_word' id='word_1_172' title='bbox 708 1193 840 1222; x_wconf 85' lang='lat' dir='ltr'>mendico</span> 
     </span>
     <span class='ocr_line' id='line_1_28' title="bbox 154 1231 841 1267; baseline 0 -6"><span class='ocrx_word' id='word_1_173' title='bbox 154 1232 250 1262; x_wconf 89' lang='lat' dir='ltr'>cibum</span> <span class='ocrx_word' id='word_1_174' title='bbox 277 1233 337 1267; x_wconf 88' lang='lat' dir='ltr'>dat,</span> <span class='ocrx_word' id='word_1_175' title='bbox 364 1237 429 1262; x_wconf 81' lang='grc'><strong>342.</strong></span> <span class='ocrx_word' id='word_1_176' title='bbox 473 1233 622 1261; x_wconf 68' lang='lat' dir='ltr'>Eumaeum</span> <span class='ocrx_word' id='word_1_177' title='bbox 646 1243 676 1261; x_wconf 88' lang='lat' dir='ltr'>re</span> <span class='ocrx_word' id='word_1_178' title='bbox 696 1231 841 1266; x_wconf 82' lang='lat' dir='ltr'>rehendit,</span> 
     </span>
     <span class='ocr_line' id='line_1_29' title="bbox 157 1271 840 1305; baseline -0.001 -4"><span class='ocrx_word' id='word_1_179' title='bbox 157 1275 224 1304; x_wconf 84' lang='lat'><strong>392.</strong></span> <span class='ocrx_word' id='word_1_180' title='bbox 238 1275 269 1300; x_wconf 88' lang='lat' dir='ltr'>et</span> <span class='ocrx_word' id='word_1_181' title='bbox 283 1271 453 1305; x_wconf 78' lang='lat' dir='ltr'>Antinoum,</span> <span class='ocrx_word' id='word_1_182' title='bbox 468 1273 532 1304; x_wconf 85' lang='lat'><strong>396.</strong></span> <span class='ocrx_word' id='word_1_183' title='bbox 548 1271 586 1300; x_wconf 88' lang='lat' dir='ltr'>ad</span> <span class='ocrx_word' id='word_1_184' title='bbox 600 1271 680 1300; x_wconf 85' lang='lat' dir='ltr'>Pene</span> <span class='ocrx_word' id='word_1_185' title='bbox 691 1282 708 1300; x_wconf 89' lang='lat' dir='ltr'>o</span> <span class='ocrx_word' id='word_1_186' title='bbox 746 1282 760 1300; x_wconf 88' lang='lat' dir='ltr'>s</span> <span class='ocrx_word' id='word_1_187' title='bbox 781 1281 840 1300; x_wconf 88' lang='lat' dir='ltr'>ser·</span> 
     </span>
     <span class='ocr_line' id='line_1_30' title="bbox 156 1309 839 1344; baseline 0 -5"><span class='ocrx_word' id='word_1_188' title='bbox 156 1320 270 1339; x_wconf 87' lang='lat' dir='ltr'>monem</span> <span class='ocrx_word' id='word_1_189' title='bbox 284 1311 422 1344; x_wconf 83' lang='lat' dir='ltr'>sternuit,</span> <span class='ocrx_word' id='word_1_190' title='bbox 435 1315 499 1340; x_wconf 86' lang='lat'><strong>541.</strong></span> <span class='ocrx_word' id='word_1_191' title='bbox 542 1310 692 1339; x_wconf 84' lang='lat' dir='ltr'>Eumaeum</span> <span class='ocrx_word' id='word_1_192' title='bbox 727 1309 839 1344; x_wconf 66' lang='lat' dir='ltr'>mittit,</span> 
     </span>
     <span class='ocr_line' id='line_1_31' title="bbox 158 1349 840 1388; baseline -0.001 -10"><span class='ocrx_word' id='word_1_193' title='bbox 158 1353 224 1382; x_wconf 83' lang='grc'><strong>599.</strong></span> <span class='ocrx_word' id='word_1_194' title='bbox 267 1349 403 1388; x_wconf 78' lang='lat' dir='ltr'>Ulyssem</span> <span class='ocrx_word' id='word_1_195' title='bbox 417 1359 481 1378; x_wconf 92' lang='lat' dir='ltr'>cum</span> <span class='ocrx_word' id='word_1_196' title='bbox 506 1350 555 1378; x_wconf 91' lang='lat' dir='ltr'>Iro</span> <span class='ocrx_word' id='word_1_197' title='bbox 576 1354 754 1378; x_wconf 80' lang='lat' dir='ltr'>certaturum</span> <span class='ocrx_word' id='word_1_198' title='bbox 779 1349 840 1377; x_wconf 87' lang='lat' dir='ltr'>ani-</span> 
     </span>
     <span class='ocr_line' id='line_1_32' title="bbox 158 1388 527 1428; baseline -0.008 -10"><span class='ocrx_word' id='word_1_199' title='bbox 158 1393 232 1423; x_wconf 88' lang='lat' dir='ltr'>mat,</span> <span class='ocrx_word' id='word_1_200' title='bbox 253 1402 279 1418; x_wconf 76' lang='lat' dir='ltr'>c.</span> <span class='ocrx_word' id='word_1_201' title='bbox 303 1390 350 1417; x_wconf 89' lang='lat'>60.</span> <span class='ocrx_word' id='word_1_202' title='bbox 373 1388 527 1428; x_wconf 85' lang='lat' dir='ltr'>Penelopae</span> 
     </span>
     <span class='ocr_line' id='line_1_33' title="bbox 157 1427 843 1467; baseline -0.001 -11"><span class='ocrx_word' id='word_1_203' title='bbox 157 1428 324 1467; x_wconf 80' lang='lat' dir='ltr'>respondet.</span> <span class='ocrx_word' id='word_1_204' title='bbox 339 1431 405 1456; x_wconf 86' lang='lat'><strong>225.</strong></span> <span class='ocrx_word' id='word_1_205' title='bbox 447 1427 555 1456; x_wconf 86' lang='lat' dir='ltr'>Procos</span> <span class='ocrx_word' id='word_1_206' title='bbox 568 1427 766 1466; x_wconf 81' lang='lat' dir='ltr'>reprehendit,</span> <span class='ocrx_word' id='word_1_207' title='bbox 777 1430 843 1456; x_wconf 82' lang='lat'><strong>404.</strong></span> 
     </span>
     <span class='ocr_line' id='line_1_34' title="bbox 156 1465 845 1505; baseline -0.001 -10"><span class='ocrx_word' id='word_1_208' title='bbox 156 1476 222 1495; x_wconf 89' lang='lat' dir='ltr'>cum</span> <span class='ocrx_word' id='word_1_209' title='bbox 237 1465 343 1505; x_wconf 77' lang='lat' dir='ltr'>Ulysse</span> <span class='ocrx_word' id='word_1_210' title='bbox 357 1476 437 1494; x_wconf 90' lang='lat' dir='ltr'>arma</span> <span class='ocrx_word' id='word_1_211' title='bbox 450 1466 480 1495; x_wconf 91' lang='lat' dir='ltr'>in</span> <span class='ocrx_word' id='word_1_212' title='bbox 493 1465 654 1495; x_wconf 86' lang='lat' dir='ltr'>thalamum</span> <span class='ocrx_word' id='word_1_213' title='bbox 667 1465 794 1505; x_wconf 76' lang='lat' dir='ltr'>deponit,</span> <span class='ocrx_word' id='word_1_214' title='bbox 820 1480 845 1494; x_wconf 70' lang='grc' dir='ltr'>τ.</span> 
     </span>
     <span class='ocr_line' id='line_1_35' title="bbox 158 1505 843 1538; baseline -0.001 -4"><span class='ocrx_word' id='word_1_215' title='bbox 158 1509 207 1534; x_wconf 89' lang='grc'>31.</span> <span class='ocrx_word' id='word_1_216' title='bbox 248 1505 382 1534; x_wconf 80' lang='lat' dir='ltr'>Parietes</span> <span class='ocrx_word' id='word_1_217' title='bbox 408 1505 511 1534; x_wconf 90' lang='lat' dir='ltr'>domus</span> <span class='ocrx_word' id='word_1_218' title='bbox 538 1505 668 1534; x_wconf 90' lang='lat' dir='ltr'>lucentes</span> <span class='ocrx_word' id='word_1_219' title='bbox 697 1505 843 1538; x_wconf 87' lang='lat' dir='ltr'>observat,</span> 
     </span>
     <span class='ocr_line' id='line_1_36' title="bbox 157 1543 843 1583; baseline 0 -11"><span class='ocrx_word' id='word_1_220' title='bbox 157 1545 204 1573; x_wconf 90' lang='lat'>36.</span> <span class='ocrx_word' id='word_1_221' title='bbox 248 1543 421 1583; x_wconf 81' lang='lat' dir='ltr'>Eurycleam</span> <span class='ocrx_word' id='word_1_222' title='bbox 435 1544 471 1573; x_wconf 88' lang='lat' dir='ltr'>de</span> <span class='ocrx_word' id='word_1_223' title='bbox 492 1543 608 1583; x_wconf 79' lang='lat' dir='ltr'>hospite</span> <span class='ocrx_word' id='word_1_224' title='bbox 628 1544 720 1572; x_wconf 85' lang='lat' dir='ltr'>interr</span> <span class='ocrx_word' id='word_1_225' title='bbox 778 1548 799 1578; x_wconf 87' lang='lat' dir='ltr'>t,</span> <span class='ocrx_word' id='word_1_226' title='bbox 821 1558 843 1572; x_wconf 85' lang='grc' dir='ltr'>υ.</span> 
     </span>
     <span class='ocr_line' id='line_1_37' title="bbox 160 1554 844 1622; baseline 0 -11"><span class='ocrx_word' id='word_1_227' title='bbox 160 1586 224 1612; x_wconf 78' lang='grc'><strong>128.</strong></span> <span class='ocrx_word' id='word_1_228' title='bbox 247 1582 282 1612; x_wconf 84' lang='lat' dir='ltr'>ad</span> <span class='ocrx_word' id='word_1_229' title='bbox 297 1582 463 1612; x_wconf 87' lang='lat' dir='ltr'>concionem</span> <span class='ocrx_word' id='word_1_230' title='bbox 476 1583 508 1616; x_wconf 81' lang='lat' dir='ltr'>it,</span> <span class='ocrx_word' id='word_1_231' title='bbox 526 1584 586 1612; x_wconf 92' lang='lat'><strong>146.</strong></span> <span class='ocrx_word' id='word_1_232' title='bbox 629 1554 792 1622; x_wconf 47' lang='lat' dir='ltr'>Ulyssffi-gt</span> <span class='ocrx_word' id='word_1_233' title='bbox 803 1582 844 1611; x_wconf 91' lang='lat' dir='ltr'>ci-</span> 
     </span>
     <span class='ocr_line' id='line_1_38' title="bbox 157 1621 843 1660; baseline 0 -10"><span class='ocrx_word' id='word_1_234' title='bbox 157 1621 225 1650; x_wconf 88' lang='lat' dir='ltr'>bum</span> <span class='ocrx_word' id='word_1_235' title='bbox 237 1626 267 1650; x_wconf 90' lang='lat' dir='ltr'>et</span> <span class='ocrx_word' id='word_1_236' title='bbox 281 1626 390 1660; x_wconf 82' lang='lat' dir='ltr'>potum,</span> <span class='ocrx_word' id='word_1_237' title='bbox 403 1626 469 1654; x_wconf 88' lang='lat'><strong>257.</strong></span> <span class='ocrx_word' id='word_1_238' title='bbox 511 1621 681 1660; x_wconf 74' lang='lat' dir='ltr'>Ctesippum</span> <span class='ocrx_word' id='word_1_239' title='bbox 700 1622 843 1660; x_wconf 85' lang='lat' dir='ltr'>increpat,</span> 
     </span>
     <span class='ocr_line' id='line_1_39' title="bbox 158 1660 844 1700; baseline 0.001 -12"><span class='ocrx_word' id='word_1_240' title='bbox 158 1663 223 1688; x_wconf 90' lang='lat'><strong>303.</strong></span> <span class='ocrx_word' id='word_1_241' title='bbox 265 1660 392 1700; x_wconf 81' lang='lat' dir='ltr'>Agelao,</span> <span class='ocrx_word' id='word_1_242' title='bbox 412 1660 448 1689; x_wconf 87' lang='lat' dir='ltr'>de</span> <span class='ocrx_word' id='word_1_243' title='bbox 462 1660 563 1689; x_wconf 84' lang='lat' dir='ltr'>matris</span> <span class='ocrx_word' id='word_1_244' title='bbox 585 1671 623 1689; x_wconf 92' lang='lat' dir='ltr'>nu</span> <span class='ocrx_word' id='word_1_245' title='bbox 645 1660 704 1694; x_wconf 84' lang='lat' dir='ltr'>tiis,</span> <span class='ocrx_word' id='word_1_246' title='bbox 725 1670 844 1699; x_wconf 86' lang='lat' dir='ltr'>respon-</span> 
     </span>
     <span class='ocr_line' id='line_1_40' title="bbox 157 1697 844 1738; baseline 0.003 -12"><span class='ocrx_word' id='word_1_247' title='bbox 157 1697 217 1732; x_wconf 90' lang='lat' dir='ltr'>det,</span> <span class='ocrx_word' id='word_1_248' title='bbox 232 1703 297 1728; x_wconf 85' lang='lat'><strong>338.</strong></span> <span class='ocrx_word' id='word_1_249' title='bbox 319 1709 436 1728; x_wconf 84' lang='lat' dir='ltr'>secures</span> <span class='ocrx_word' id='word_1_250' title='bbox 445 1699 563 1734; x_wconf 84' lang='lat' dir='ltr'>statuit,</span> <span class='ocrx_word' id='word_1_251' title='bbox 573 1705 604 1728; x_wconf 87' lang='lat' dir='ltr'>et</span> <span class='ocrx_word' id='word_1_252' title='bbox 654 1699 732 1738; x_wconf 82' lang='lat' dir='ltr'>yssis</span> <span class='ocrx_word' id='word_1_253' title='bbox 745 1709 844 1728; x_wconf 90' lang='lat' dir='ltr'>arcum</span> 
     </span>
     <span class='ocr_line' id='line_1_41' title="bbox 159 1738 842 1774; baseline 0.001 -8"><span class='ocrx_word' id='word_1_254' title='bbox 159 1741 268 1772; x_wconf 78' lang='lat' dir='ltr'>tentat,</span> <span class='ocrx_word' id='word_1_255' title='bbox 283 1749 307 1774; x_wconf 80' lang='grc' dir='ltr'>φ.</span> <span class='ocrx_word' id='word_1_256' title='bbox 335 1742 397 1771; x_wconf 88' lang='grc'><strong>120,</strong></span> <span class='ocrx_word' id='word_1_257' title='bbox 422 1742 484 1767; x_wconf 87' lang='grc'><strong>124.</strong></span> <span class='ocrx_word' id='word_1_258' title='bbox 507 1749 605 1767; x_wconf 86' lang='lat' dir='ltr'>arcum</span> <span class='ocrx_word' id='word_1_259' title='bbox 626 1738 662 1767; x_wconf 88' lang='lat' dir='ltr'>de</span> <span class='ocrx_word' id='word_1_260' title='bbox 675 1739 753 1772; x_wconf 56' lang='lat' dir='ltr'>unit,</span> <span class='ocrx_word' id='word_1_261' title='bbox 782 1739 842 1767; x_wconf 90' lang='lat'><strong>136.</strong></span> 
     </span>
     <span class='ocr_line' id='line_1_42' title="bbox 159 1776 844 1816; baseline 0.001 -11"><span class='ocrx_word' id='word_1_262' title='bbox 159 1782 281 1806; x_wconf 86' lang='lat' dir='ltr'>matrem</span> <span class='ocrx_word' id='word_1_263' title='bbox 295 1776 464 1815; x_wconf 81' lang='lat' dir='ltr'>alloquitur,</span> <span class='ocrx_word' id='word_1_264' title='bbox 473 1781 539 1806; x_wconf 77' lang='lat'><strong>344.</strong></span> <span class='ocrx_word' id='word_1_265' title='bbox 552 1787 651 1806; x_wconf 90' lang='lat' dir='ltr'>arcum</span> <span class='ocrx_word' id='word_1_266' title='bbox 696 1777 767 1816; x_wconf 82' lang='lat' dir='ltr'>lyssi</span> <span class='ocrx_word' id='word_1_267' title='bbox 780 1776 844 1806; x_wconf 80' lang='lat' dir='ltr'>dari</span> 
     </span>
     <span class='ocr_line' id='line_1_43' title="bbox 154 1815 843 1855; baseline 0 -11"><span class='ocrx_word' id='word_1_268' title='bbox 154 1815 252 1855; x_wconf 81' lang='lat' dir='ltr'>jubet,</span> <span class='ocrx_word' id='word_1_269' title='bbox 267 1818 333 1848; x_wconf 84' lang='lat'><strong>369.</strong></span> <span class='ocrx_word' id='word_1_270' title='bbox 357 1815 472 1854; x_wconf 53' lang='lat' dir='ltr'>Ulyssis</span> <span class='ocrx_word' id='word_1_271' title='bbox 495 1823 567 1845; x_wconf 88' lang='lat' dir='ltr'>nutu</span> <span class='ocrx_word' id='word_1_272' title='bbox 588 1816 727 1850; x_wconf 87' lang='lat' dir='ltr'>monitus,</span> <span class='ocrx_word' id='word_1_273' title='bbox 749 1826 781 1846; x_wconf 91' lang='lat' dir='ltr'>se</span> <span class='ocrx_word' id='word_1_274' title='bbox 795 1826 843 1845; x_wconf 89' lang='lat' dir='ltr'>ac-</span> 
     </span>
     <span class='ocr_line' id='line_1_44' title="bbox 158 1854 843 1894; baseline 0.001 -11"><span class='ocrx_word' id='word_1_275' title='bbox 158 1854 261 1894; x_wconf 81' lang='lat' dir='ltr'>cingit,</span> <span class='ocrx_word' id='word_1_276' title='bbox 287 1858 352 1884; x_wconf 88' lang='lat'><strong>431.</strong></span> <span class='ocrx_word' id='word_1_277' title='bbox 402 1855 629 1894; x_wconf 89' lang='lat' dir='ltr'>Amphinomum</span> <span class='ocrx_word' id='word_1_278' title='bbox 651 1854 790 1884; x_wconf 83' lang='lat' dir='ltr'>interficit</span> <span class='ocrx_word' id='word_1_279' title='bbox 816 1870 843 1892; x_wconf 78' lang='grc' dir='ltr'>χ.</span> 
     </span>
     <span class='ocr_line' id='line_1_45' title="bbox 159 1893 846 1933; baseline 0.001 -11"><span class='ocrx_word' id='word_1_280' title='bbox 159 1897 207 1926; x_wconf 91' lang='grc'>91.</span> <span class='ocrx_word' id='word_1_281' title='bbox 251 1893 332 1922; x_wconf 88' lang='lat' dir='ltr'>Patri</span> <span class='ocrx_word' id='word_1_282' title='bbox 346 1904 428 1923; x_wconf 87' lang='lat' dir='ltr'>arma</span> <span class='ocrx_word' id='word_1_283' title='bbox 448 1894 544 1928; x_wconf 83' lang='lat' dir='ltr'>affert,</span> <span class='ocrx_word' id='word_1_284' title='bbox 573 1898 636 1923; x_wconf 87' lang='grc'><strong>112.</strong></span> <span class='ocrx_word' id='word_1_285' title='bbox 658 1893 781 1923; x_wconf 82' lang='lat' dir='ltr'>thalami</span> <span class='ocrx_word' id='word_1_286' title='bbox 799 1893 846 1933; x_wconf 87' lang='lat' dir='ltr'>ja-</span> 
     </span>
     <span class='ocr_line' id='line_1_46' title="bbox 161 1931 846 1972; baseline 0.001 -11"><span class='ocrx_word' id='word_1_287' title='bbox 161 1942 249 1961; x_wconf 87' lang='lat' dir='ltr'>nuam</span> <span class='ocrx_word' id='word_1_288' title='bbox 261 1931 359 1962; x_wconf 88' lang='lat' dir='ltr'>claudi</span> <span class='ocrx_word' id='word_1_289' title='bbox 369 1933 466 1972; x_wconf 86' lang='lat' dir='ltr'>jubet,</span> <span class='ocrx_word' id='word_1_290' title='bbox 494 1937 557 1965; x_wconf 87' lang='lat'><strong>157.</strong></span> <span class='ocrx_word' id='word_1_291' title='bbox 599 1932 757 1962; x_wconf 88' lang='lat' dir='ltr'>Procorum</span> <span class='ocrx_word' id='word_1_292' title='bbox 777 1943 846 1962; x_wconf 92' lang='lat' dir='ltr'>non-</span> 
     </span>
     <span class='ocr_line' id='line_1_47' title="bbox 160 1970 846 2005; baseline 0 -5"><span class='ocrx_word' id='word_1_293' title='bbox 160 1971 256 2000; x_wconf 81' lang='lat' dir='ltr'>nullos</span> <span class='ocrx_word' id='word_1_294' title='bbox 269 1970 419 2005; x_wconf 89' lang='lat' dir='ltr'>interficit,</span> <span class='ocrx_word' id='word_1_295' title='bbox 431 1973 497 2004; x_wconf 91' lang='grc'><strong>267.</strong></span> <span class='ocrx_word' id='word_1_296' title='bbox 509 1975 571 2001; x_wconf 82' lang='grc'><strong>284.</strong></span> <span class='ocrx_word' id='word_1_297' title='bbox 582 1976 650 2004; x_wconf 87' lang='grc'><strong>294.</strong></span> <span class='ocrx_word' id='word_1_298' title='bbox 694 1972 846 2001; x_wconf 90' lang='lat' dir='ltr'>Phemium</span> 
     </span>
     <span class='ocr_line' id='line_1_48' title="bbox 161 2009 847 2045; baseline 0 -7"><span class='ocrx_word' id='word_1_299' title='bbox 161 2015 194 2039; x_wconf 86' lang='lat' dir='ltr'>et</span> <span class='ocrx_word' id='word_1_300' title='bbox 209 2009 352 2039; x_wconf 64' lang='lat' dir='ltr'>Modoura</span> <span class='ocrx_word' id='word_1_301' title='bbox 365 2011 524 2040; x_wconf 82' lang='lat' dir='ltr'>servandos</span> <span class='ocrx_word' id='word_1_302' title='bbox 547 2015 657 2045; x_wconf 86' lang='lat' dir='ltr'>monet,</span> <span class='ocrx_word' id='word_1_303' title='bbox 679 2013 744 2041; x_wconf 84' lang='grc'><strong>356.</strong></span> <span class='ocrx_word' id='word_1_304' title='bbox 786 2011 847 2040; x_wconf 88' lang='lat' dir='ltr'>Eu-</span> 
     </span>
     <span class='ocr_line' id='line_1_49' title="bbox 163 2049 848 2088; baseline 0.001 -11"><span class='ocrx_word' id='word_1_305' title='bbox 163 2049 290 2088; x_wconf 85' lang='lat' dir='ltr'>rycleam</span> <span class='ocrx_word' id='word_1_306' title='bbox 304 2052 401 2083; x_wconf 79' lang='lat' dir='ltr'>vocat,</span> <span class='ocrx_word' id='word_1_307' title='bbox 421 2053 487 2081; x_wconf 86' lang='lat'><strong>395.</strong></span> <span class='ocrx_word' id='word_1_308' title='bbox 511 2060 576 2078; x_wconf 89' lang='lat' dir='ltr'>eum</span> <span class='ocrx_word' id='word_1_309' title='bbox 595 2049 712 2079; x_wconf 82' lang='lat' dir='ltr'>famulis</span> <span class='ocrx_word' id='word_1_310' title='bbox 733 2049 848 2079; x_wconf 80' lang='lat' dir='ltr'>domurn</span> 
     </span>
     <span class='ocr_line' id='line_1_50' title="bbox 163 2087 848 2132; baseline 0.003 -16"><span class='ocrx_word' id='word_1_311' title='bbox 163 2088 263 2121; x_wconf 81' lang='lat' dir='ltr'>verrit,</span> <span class='ocrx_word' id='word_1_312' title='bbox 282 2092 348 2116; x_wconf 80' lang='lat'><strong>454.</strong></span> <span class='ocrx_word' id='word_1_313' title='bbox 368 2087 490 2116; x_wconf 84' lang='lat' dir='ltr'>ancillas</span> <span class='ocrx_word' id='word_1_314' title='bbox 513 2088 674 2132; x_wconf 84' lang='lat' dir='ltr'>impudicas</span> <span class='ocrx_word' id='word_1_315' title='bbox 687 2089 848 2128; x_wconf 83' lang='lat' dir='ltr'>suspendit,</span> 
     </span>
     <span class='ocr_line' id='line_1_51' title="bbox 163 2127 849 2166; baseline 0.003 -11"><span class='ocrx_word' id='word_1_316' title='bbox 163 2128 231 2156; x_wconf 79' lang='grc'><strong>465.</strong></span> <span class='ocrx_word' id='word_1_317' title='bbox 253 2131 374 2156; x_wconf 89' lang='lat' dir='ltr'>matrem</span> <span class='ocrx_word' id='word_1_318' title='bbox 388 2127 582 2166; x_wconf 79' lang='lat' dir='ltr'>reprehendit,</span> <span class='ocrx_word' id='word_1_319' title='bbox 597 2132 632 2163; x_wconf 71' lang='grc' dir='ltr'>«ψ.</span> <span class='ocrx_word' id='word_1_320' title='bbox 654 2129 701 2160; x_wconf 89' lang='grc'>96.</span> <span class='ocrx_word' id='word_1_321' title='bbox 721 2138 787 2157; x_wconf 89' lang='lat' dir='ltr'>cum</span> <span class='ocrx_word' id='word_1_322' title='bbox 807 2127 849 2156; x_wconf 84' lang='lat' dir='ltr'>U-</span> 
     </span>
     <span class='ocr_line' id='line_1_52' title="bbox 163 2164 848 2204; baseline 0.001 -10"><span class='ocrx_word' id='word_1_323' title='bbox 163 2164 243 2204; x_wconf 81' lang='lat' dir='ltr'>lysse</span> <span class='ocrx_word' id='word_1_324' title='bbox 256 2165 293 2194; x_wconf 88' lang='lat' dir='ltr'>de</span> <span class='ocrx_word' id='word_1_325' title='bbox 304 2165 502 2194; x_wconf 88' lang='lat' dir='ltr'>Ithacensium</span> <span class='ocrx_word' id='word_1_326' title='bbox 515 2166 560 2195; x_wconf 91' lang='lat' dir='ltr'>ira</span> <span class='ocrx_word' id='word_1_327' title='bbox 569 2166 848 2201; x_wconf 84' lang='lat' dir='ltr'>evitandaconsulit,</span> 
     </span>
     <span class='ocr_line' id='line_1_53' title="bbox 169 2204 849 2245; baseline 0.001 -11"><span class='ocrx_word' id='word_1_328' title='bbox 169 2208 232 2234; x_wconf 88' lang='lat'><strong>123.</strong></span> <span class='ocrx_word' id='word_1_329' title='bbox 246 2214 310 2233; x_wconf 90' lang='lat' dir='ltr'>cum</span> <span class='ocrx_word' id='word_1_330' title='bbox 327 2204 362 2233; x_wconf 92' lang='lat' dir='ltr'>Ul</span> <span class='ocrx_word' id='word_1_331' title='bbox 384 2214 433 2233; x_wconf 81' lang='lat' dir='ltr'>sse</span> <span class='ocrx_word' id='word_1_332' title='bbox 443 2208 475 2234; x_wconf 88' lang='lat' dir='ltr'>et</span> <span class='ocrx_word' id='word_1_333' title='bbox 484 2204 600 2234; x_wconf 87' lang='lat' dir='ltr'>famulis</span> <span class='ocrx_word' id='word_1_334' title='bbox 613 2205 683 2234; x_wconf 92' lang='lat' dir='ltr'>urbe</span> <span class='ocrx_word' id='word_1_335' title='bbox 690 2205 849 2245; x_wconf 78' lang='lat' dir='ltr'>egreditur,</span> 
     </span>
     <span class='ocr_line' id='line_1_54' title="bbox 166 2242 849 2288; baseline 0.004 -17"><span class='ocrx_word' id='word_1_336' title='bbox 166 2247 233 2276; x_wconf 86' lang='lat'><strong>371.</strong></span> <span class='ocrx_word' id='word_1_337' title='bbox 254 2242 331 2282; x_wconf 90' lang='lat' dir='ltr'>apud</span> <span class='ocrx_word' id='word_1_338' title='bbox 387 2245 496 2272; x_wconf 73' lang='lat' dir='ltr'>ae&#39;rtem</span> <span class='ocrx_word' id='word_1_339' title='bbox 517 2244 680 2273; x_wconf 83' lang='lat' dir='ltr'>convivium</span> <span class='ocrx_word' id='word_1_340' title='bbox 705 2248 802 2288; x_wconf 82' lang='lat' dir='ltr'>parat.</span> <span class='ocrx_word' id='word_1_341' title='bbox 822 2259 849 2274; x_wconf 81' lang='grc' dir='ltr'>ω.</span> 
     </span>
     <span class='ocr_line' id='line_1_55' title="bbox 165 2281 851 2323; baseline 0.001 -12"><span class='ocrx_word' id='word_1_342' title='bbox 165 2283 230 2311; x_wconf 78' lang='grc'><strong>362.</strong></span> <span class='ocrx_word' id='word_1_343' title='bbox 252 2281 354 2310; x_wconf 80' lang='lat' dir='ltr'>fortem</span> <span class='ocrx_word' id='word_1_344' title='bbox 369 2292 402 2311; x_wconf 87' lang='lat' dir='ltr'>se</span> <span class='ocrx_word' id='word_1_345' title='bbox 441 2283 618 2312; x_wconf 75' lang='lat' dir='ltr'>raestiturum</span> <span class='ocrx_word' id='word_1_346' title='bbox 636 2287 712 2323; x_wconf 80' lang='lat' dir='ltr'>patri</span> <span class='ocrx_word' id='word_1_347' title='bbox 735 2283 851 2323; x_wconf 86' lang='lat' dir='ltr'>pollice-</span> 
     </span>
     <span class='ocr_line' id='line_1_56' title="bbox 165 2293 850 2389; baseline 0.004 -40"><span class='ocrx_word' id='word_1_348' title='bbox 165 2325 226 2389; x_wconf 52' lang='lat' dir='ltr'>{un</span> <span class='ocrx_word' id='word_1_349' title='bbox 239 2325 308 2389; x_wconf 52' lang='lat' dir='ltr'>gg}</span> <span class='ocrx_word' id='word_1_350' title='bbox 322 2331 386 2350; x_wconf 88' lang='lat' dir='ltr'>cum</span> <span class='ocrx_word' id='word_1_351' title='bbox 408 2293 515 2360; x_wconf 58' lang='lat' dir='ltr'>Li&#39;lysse</span> <span class='ocrx_word' id='word_1_352' title='bbox 530 2322 700 2352; x_wconf 83' lang='lat' dir='ltr'>Ithacenses</span> <span class='ocrx_word' id='word_1_353' title='bbox 714 2322 850 2363; x_wconf 78' lang='lat' dir='ltr'>aggredi-</span> 
     </span>
     <span class='ocr_line' id='line_1_57' title="bbox 183 2370 305 2393; baseline 0 -5"><span class='ocrx_word' id='word_1_354' title='bbox 183 2370 224 2393; x_wconf 86' lang='lat' dir='ltr'>ur,</span> <span class='ocrx_word' id='word_1_355' title='bbox 297 2380 305 2388; x_wconf 88' lang='lat'>.</span> 
     </span>
    </p>

    <p class='ocr_par' dir='ltr' id='par_1_9' title="bbox 126 2398 750 2434">
     <span class='ocr_line' id='line_1_58' title="bbox 126 2398 750 2434; baseline 0.005 -7"><span class='ocrx_word' id='word_1_356' title='bbox 126 2398 268 2428; x_wconf 81' lang='lat' dir='ltr'>Telemus</span> <span class='ocrx_word' id='word_1_357' title='bbox 289 2399 311 2428; x_wconf 94' lang='lat' dir='ltr'>C</span> <span class='ocrx_word' id='word_1_358' title='bbox 334 2398 379 2428; x_wconf 85' lang='lat' dir='ltr'>clo</span> <span class='ocrx_word' id='word_1_359' title='bbox 399 2409 447 2428; x_wconf 88' lang='lat' dir='ltr'>um</span> <span class='ocrx_word' id='word_1_360' title='bbox 461 2404 554 2434; x_wconf 85' lang='lat' dir='ltr'>vates,</span> <span class='ocrx_word' id='word_1_361' title='bbox 573 2399 630 2429; x_wconf 89' lang='lat' dir='ltr'>Od.</span> <span class='ocrx_word' id='word_1_362' title='bbox 650 2414 668 2430; x_wconf 85' lang='grc' dir='ltr'>ι.</span> <span class='ocrx_word' id='word_1_363' title='bbox 683 2403 750 2430; x_wconf 88' lang='grc'><strong>508.</strong></span> 
     </span>
    </p>

    <p class='ocr_par' dir='ltr' id='par_1_10' title="bbox 129 2437 549 2471">
     <span class='ocr_line' id='line_1_59' title="bbox 129 2437 549 2471; baseline 0.002 -4"><span class='ocrx_word' id='word_1_364' title='bbox 129 2438 309 2471; x_wconf 78' lang='lat' dir='ltr'>Temese,ur</span> <span class='ocrx_word' id='word_1_365' title='bbox 331 2447 354 2471; x_wconf 78' lang='lat' dir='ltr'>s,</span> <span class='ocrx_word' id='word_1_366' title='bbox 397 2437 424 2466; x_wconf 91' lang='lat' dir='ltr'>d.</span> <span class='ocrx_word' id='word_1_367' title='bbox 440 2453 468 2468; x_wconf 73' lang='grc' dir='ltr'>οι.</span> <span class='ocrx_word' id='word_1_368' title='bbox 486 2442 549 2468; x_wconf 65' lang='lat'><strong>184.</strong></span> 
     </span>
    </p>

    <p class='ocr_par' dir='ltr' id='par_1_11' title="bbox 132 2476 471 2511">
     <span class='ocr_line' id='line_1_60' title="bbox 132 2476 471 2511; baseline 0 -6"><span class='ocrx_word' id='word_1_369' title='bbox 132 2476 278 2510; x_wconf 71' lang='lat' dir='ltr'>Tenedos,</span> <span class='ocrx_word' id='word_1_370' title='bbox 291 2476 350 2505; x_wconf 91' lang='lat' dir='ltr'>Od.</span> <span class='ocrx_word' id='word_1_371' title='bbox 366 2491 393 2511; x_wconf 71' lang='grc' dir='ltr'>γ.</span> <span class='ocrx_word' id='word_1_372' title='bbox 409 2481 471 2509; x_wconf 90' lang='grc'><strong>159.</strong></span> 
     </span>
    </p>

    <p class='ocr_par' dir='ltr' id='par_1_12' title="bbox 131 2515 552 2549">
     <span class='ocr_line' id='line_1_61' title="bbox 131 2515 552 2549; baseline 0.005 -5"><span class='ocrx_word' id='word_1_373' title='bbox 131 2515 280 2549; x_wconf 76' lang='lat' dir='ltr'>Tenedus.</span> <span class='ocrx_word' id='word_1_374' title='bbox 295 2515 402 2549; x_wconf 91' lang='lat' dir='ltr'>insula,</span> <span class='ocrx_word' id='word_1_375' title='bbox 419 2516 454 2545; x_wconf 89' lang='lat'>11.</span> <span class='ocrx_word' id='word_1_376' title='bbox 469 2532 489 2545; x_wconf 72' lang='grc'>,.</span> <span class='ocrx_word' id='word_1_377' title='bbox 504 2520 552 2546; x_wconf 89' lang='grc'>33.</span> 
     </span>
    </p>

    <p class='ocr_par' dir='ltr' id='par_1_13' title="bbox 132 2553 506 2589">
     <span class='ocr_line' id='line_1_62' title="bbox 132 2553 506 2589; baseline 0 -6"><span class='ocrx_word' id='word_1_378' title='bbox 132 2553 230 2583; x_wconf 77' lang='lat' dir='ltr'>Terea</span> <span class='ocrx_word' id='word_1_379' title='bbox 242 2564 338 2589; x_wconf 88' lang='lat' dir='ltr'>mons,</span> <span class='ocrx_word' id='word_1_380' title='bbox 356 2554 391 2583; x_wconf 88' lang='lat' dir='ltr'>Il.</span> <span class='ocrx_word' id='word_1_381' title='bbox 402 2560 430 2589; x_wconf 83' lang='grc' dir='ltr'>β.</span> <span class='ocrx_word' id='word_1_382' title='bbox 442 2559 506 2587; x_wconf 89' lang='grc'><strong>829.</strong></span> 
     </span>
    </p>

    <p class='ocr_par' dir='ltr' id='par_1_14' title="bbox 130 2592 853 2670">
     <span class='ocr_line' id='line_1_63' title="bbox 130 2592 853 2633; baseline 0.004 -11"><span class='ocrx_word' id='word_1_383' title='bbox 130 2592 321 2622; x_wconf 79' lang='lat' dir='ltr'>Testudinem</span> <span class='ocrx_word' id='word_1_384' title='bbox 356 2593 384 2622; x_wconf 90' lang='lat' dir='ltr'>in</span> <span class='ocrx_word' id='word_1_385' title='bbox 423 2593 515 2633; x_wconf 85' lang='lat' dir='ltr'>lyram</span> <span class='ocrx_word' id='word_1_386' title='bbox 549 2597 633 2633; x_wconf 84' lang='lat' dir='ltr'>aptat</span> <span class='ocrx_word' id='word_1_387' title='bbox 677 2594 853 2630; x_wconf 80' lang='lat' dir='ltr'>Mercurius,</span> 
     </span>
     <span class='ocr_line' id='line_1_64' title="bbox 174 2631 574 2670; baseline 0 -10"><span class='ocrx_word' id='word_1_388' title='bbox 174 2631 280 2670; x_wconf 87' lang='lat' dir='ltr'>Hymn.</span> <span class='ocrx_word' id='word_1_389' title='bbox 297 2636 322 2661; x_wconf 91' lang='lat'>1.</span> <span class='ocrx_word' id='word_1_390' title='bbox 336 2631 366 2661; x_wconf 92' lang='lat' dir='ltr'>in</span> <span class='ocrx_word' id='word_1_391' title='bbox 382 2632 512 2661; x_wconf 88' lang='lat' dir='ltr'>Mercur.</span> <span class='ocrx_word' id='word_1_392' title='bbox 526 2634 574 2662; x_wconf 83' lang='grc'>46.</span> 
     </span>
    </p>

    <p class='ocr_par' dir='ltr' id='par_1_15' title="bbox 133 2669 856 2869">
     <span class='ocr_line' id='line_1_65' title="bbox 133 2669 854 2712; baseline 0.006 -14"><span class='ocrx_word' id='word_1_393' title='bbox 133 2669 247 2699; x_wconf 85' lang='lat' dir='ltr'>Teucer</span> <span class='ocrx_word' id='word_1_394' title='bbox 259 2675 326 2710; x_wconf 82' lang='lat' dir='ltr'>post</span> <span class='ocrx_word' id='word_1_395' title='bbox 339 2671 441 2710; x_wconf 81' lang='lat' dir='ltr'>Ajacis</span> <span class='ocrx_word' id='word_1_396' title='bbox 455 2671 480 2700; x_wconf 90' lang='lat' dir='ltr'>cl</span> <span class='ocrx_word' id='word_1_397' title='bbox 503 2681 588 2710; x_wconf 90' lang='lat' dir='ltr'>peum</span> <span class='ocrx_word' id='word_1_398' title='bbox 602 2671 698 2701; x_wconf 89' lang='lat' dir='ltr'>latens</span> <span class='ocrx_word' id='word_1_399' title='bbox 710 2672 854 2712; x_wconf 86' lang='lat' dir='ltr'>Trojanos</span> 
     </span>
     <span class='ocr_line' id='line_1_66' title="bbox 171 2707 855 2743; baseline 0.006 -6"><span class='ocrx_word' id='word_1_400' title='bbox 171 2707 278 2738; x_wconf 83' lang='lat' dir='ltr'>multos</span> <span class='ocrx_word' id='word_1_401' title='bbox 301 2709 447 2743; x_wconf 78' lang='lat' dir='ltr'>interficit,</span> <span class='ocrx_word' id='word_1_402' title='bbox 470 2711 504 2739; x_wconf 94' lang='lat'>1.</span> <span class='ocrx_word' id='word_1_403' title='bbox 529 2715 560 2739; x_wconf 64' lang='lat'>3.</span> <span class='ocrx_word' id='word_1_404' title='bbox 575 2712 641 2740; x_wconf 88' lang='lat'><strong>266.</strong></span> <span class='ocrx_word' id='word_1_405' title='bbox 666 2711 704 2740; x_wconf 88' lang='lat' dir='ltr'>ab</span> <span class='ocrx_word' id='word_1_406' title='bbox 726 2712 855 2741; x_wconf 83' lang='lat' dir='ltr'>Hectore</span> 
     </span>
     <span class='ocr_line' id='line_1_67' title="bbox 171 2747 805 2782; baseline 0.005 -6"><span class='ocrx_word' id='word_1_407' title='bbox 171 2747 348 2782; x_wconf 78' lang='lat' dir='ltr'>vulneratur.</span> <span class='ocrx_word' id='word_1_408' title='bbox 393 2753 457 2779; x_wconf 84' lang='lat'><strong>324.</strong></span> <span class='ocrx_word' id='word_1_409' title='bbox 509 2749 639 2778; x_wconf 89' lang='lat' dir='ltr'>Imbrum</span> <span class='ocrx_word' id='word_1_410' title='bbox 667 2749 805 2780; x_wconf 88' lang='lat' dir='ltr'>interficit</span> 
     </span>
     <span class='ocr_line' id='line_1_68' title="bbox 174 2787 856 2828; baseline 0.007 -13"><span class='ocrx_word' id='word_1_411' title='bbox 174 2790 237 2819; x_wconf 91' lang='grc'><strong>170.</strong></span> <span class='ocrx_word' id='word_1_412' title='bbox 257 2791 289 2815; x_wconf 88' lang='lat' dir='ltr'>et</span> <span class='ocrx_word' id='word_1_413' title='bbox 301 2787 409 2816; x_wconf 85' lang='lat' dir='ltr'>Clitum</span> <span class='ocrx_word' id='word_1_414' title='bbox 422 2801 443 2818; x_wconf 68' lang='grc' dir='ltr'>ο.</span> <span class='ocrx_word' id='word_1_415' title='bbox 458 2792 523 2817; x_wconf 79' lang='lat'><strong>444.</strong></span> <span class='ocrx_word' id='word_1_416' title='bbox 544 2789 608 2828; x_wconf 78' lang='lat' dir='ltr'>ejus</span> <span class='ocrx_word' id='word_1_417' title='bbox 621 2799 707 2819; x_wconf 82' lang='lat' dir='ltr'>arcus</span> <span class='ocrx_word' id='word_1_418' title='bbox 716 2789 856 2820; x_wconf 82' lang='lat' dir='ltr'>divinitus</span> 
     </span>
     <span class='ocr_line' id='line_1_69' title="bbox 169 2824 392 2869; baseline 0.009 -15"><span class='ocrx_word' id='word_1_419' title='bbox 169 2824 316 2869; x_wconf 74' lang='lat' dir='ltr'>frangitur</span> <span class='ocrx_word' id='word_1_420' title='bbox 328 2827 392 2856; x_wconf 75' lang='lat'><strong>462.</strong></span> 
     </span>
    </p>

    <p class='ocr_par' dir='ltr' id='par_1_16' title="bbox 133 2863 458 2902">
     <span class='ocr_line' id='line_1_70' title="bbox 133 2863 458 2902; baseline 0.006 -10"><span class='ocrx_word' id='word_1_421' title='bbox 133 2863 288 2902; x_wconf 74' lang='lat' dir='ltr'>Thalpius,</span> <span class='ocrx_word' id='word_1_422' title='bbox 306 2863 340 2893; x_wconf 83' lang='lat'>11.</span> <span class='ocrx_word' id='word_1_423' title='bbox 351 2870 376 2899; x_wconf 82' lang='grc' dir='ltr'>β.</span> <span class='ocrx_word' id='word_1_424' title='bbox 392 2866 458 2895; x_wconf 81' lang='grc'><strong>620.</strong></span> 
     </span>
    </p>

    <p class='ocr_par' dir='ltr' id='par_1_17' title="bbox 131 2901 573 2941">
     <span class='ocr_line' id='line_1_71' title="bbox 131 2901 573 2941; baseline 0.009 -11"><span class='ocrx_word' id='word_1_425' title='bbox 131 2901 290 2941; x_wconf 82' lang='lat' dir='ltr'>Thamyris</span> <span class='ocrx_word' id='word_1_426' title='bbox 298 2903 406 2937; x_wconf 76' lang='lat' dir='ltr'>fabula,</span> <span class='ocrx_word' id='word_1_427' title='bbox 421 2903 457 2932; x_wconf 91' lang='lat' dir='ltr'>ll.</span> <span class='ocrx_word' id='word_1_428' title='bbox 468 2910 495 2939; x_wconf 81' lang='grc' dir='ltr'>β.</span> <span class='ocrx_word' id='word_1_429' title='bbox 509 2908 573 2937; x_wconf 86' lang='grc'><strong>595.</strong></span> 
     </span>
    </p>

    <p class='ocr_par' dir='ltr' id='par_1_18' title="bbox 131 2940 497 2977">
     <span class='ocr_line' id='line_1_72' title="bbox 131 2940 497 2977; baseline 0.008 -7"><span class='ocrx_word' id='word_1_430' title='bbox 131 2940 325 2976; x_wconf 81' lang='lat' dir='ltr'>Thaumacia,</span> <span class='ocrx_word' id='word_1_431' title='bbox 341 2941 378 2971; x_wconf 93' lang='lat' dir='ltr'>Il.</span> <span class='ocrx_word' id='word_1_432' title='bbox 390 2948 417 2977; x_wconf 81' lang='grc' dir='ltr'>β.</span> <span class='ocrx_word' id='word_1_433' title='bbox 434 2945 497 2975; x_wconf 73' lang='grc'><strong>716.</strong></span> 
     </span>
    </p>

    <p class='ocr_par' dir='ltr' id='par_1_19' title="bbox 128 2978 428 3013">
     <span class='ocr_line' id='line_1_73' title="bbox 128 2978 428 3013; baseline 0.007 -5"><span class='ocrx_word' id='word_1_434' title='bbox 128 2978 254 3013; x_wconf 70' lang='lat' dir='ltr'>Thebae,</span> <span class='ocrx_word' id='word_1_435' title='bbox 270 2980 304 3010; x_wconf 84' lang='lat'>11.</span> <span class='ocrx_word' id='word_1_436' title='bbox 316 2995 346 3010; x_wconf 73' lang='grc' dir='ltr'>κ.</span> <span class='ocrx_word' id='word_1_437' title='bbox 361 2982 428 3010; x_wconf 87' lang='grc'><strong>286.</strong></span> 
     </span>
    </p>

    <p class='ocr_par' dir='ltr' id='par_1_20' title="bbox 140 3017 590 3055">
     <span class='ocr_line' id='line_1_74' title="bbox 140 3017 590 3055; baseline 0.009 -8"><span class='ocrx_word' id='word_1_438' title='bbox 140 3017 255 3048; x_wconf 82' lang='lat' dir='ltr'>Thebae</span> <span class='ocrx_word' id='word_1_439' title='bbox 268 3019 401 3055; x_wconf 71' lang='lat' dir='ltr'>condite,</span> <span class='ocrx_word' id='word_1_440' title='bbox 414 3019 470 3050; x_wconf 88' lang='lat' dir='ltr'>od.</span> <span class='ocrx_word' id='word_1_441' title='bbox 485 3029 510 3051; x_wconf 74' lang='grc' dir='ltr'>λ.</span> <span class='ocrx_word' id='word_1_442' title='bbox 524 3021 590 3051; x_wconf 83' lang='grc'><strong>262.</strong></span> 
     </span>
    </p>
   </div>
   <div class='ocr_carea' id='block_1_9' title="bbox 323 766 837 805">
    <p class='ocr_par' dir='ltr' id='par_1_21' title="bbox 323 766 837 805">
     <span class='ocr_line' id='line_1_75' title="bbox 323 766 837 805; baseline -0.002 -10"><span class='ocrx_word' id='word_1_443' title='bbox 323 767 570 805; x_wconf 85' lang='lat' dir='ltr'>Theoclymenum</span> <span class='ocrx_word' id='word_1_444' title='bbox 587 766 681 795; x_wconf 77' lang='lat' dir='ltr'>Piraeo</span> <span class='ocrx_word' id='word_1_445' title='bbox 694 776 837 795; x_wconf 90' lang='lat' dir='ltr'>commen-</span> 
     </span>
    </p>
   </div>
   <div class='ocr_carea' id='block_1_10' title="bbox 551 1387 842 1417">
    <p class='ocr_par' dir='ltr' id='par_1_22' title="bbox 551 1387 842 1417">
     <span class='ocr_line' id='line_1_76' title="bbox 551 1387 842 1417; baseline 0 -1"><span class='ocrx_word' id='word_1_446' title='bbox 551 1388 587 1416; x_wconf 92' lang='lat' dir='ltr'>de</span> <span class='ocrx_word' id='word_1_447' title='bbox 608 1389 662 1417; x_wconf 91' lang='lat' dir='ltr'>hoc</span> <span class='ocrx_word' id='word_1_448' title='bbox 686 1387 842 1417; x_wconf 87' lang='lat' dir='ltr'>certamine</span> 
     </span>
    </p>
   </div>
   <div class='ocr_carea' id='block_1_11' title="bbox 884 455 1630 2748">
    <p class='ocr_par' dir='ltr' id='par_1_23' title="bbox 917 455 1606 602">
     <span class='ocr_line' id='line_1_77' title="bbox 917 455 1602 500; baseline -0.003 -15"><span class='ocrx_word' id='word_1_449' title='bbox 917 456 1063 496; x_wconf 84' lang='lat' dir='ltr'>confugit,</span> <span class='ocrx_word' id='word_1_450' title='bbox 1079 456 1135 485; x_wconf 91' lang='lat' dir='ltr'>Od.</span> <span class='ocrx_word' id='word_1_451' title='bbox 1149 469 1170 484; x_wconf 85' lang='lat'>0.</span> <span class='ocrx_word' id='word_1_452' title='bbox 1182 459 1250 485; x_wconf 88' lang='grc'><strong>223.</strong></span> <span class='ocrx_word' id='word_1_453' title='bbox 1265 458 1337 499; x_wconf 44' lang='grc'><strong>256..</strong></span> <span class='ocrx_word' id='word_1_454' title='bbox 1347 457 1410 500; x_wconf 77' lang='lat' dir='ltr'>ejus</span> <span class='ocrx_word' id='word_1_455' title='bbox 1420 466 1522 496; x_wconf 83' lang='lat' dir='ltr'>genus,</span> <span class='ocrx_word' id='word_1_456' title='bbox 1534 455 1602 486; x_wconf 84' lang='lat'><strong>225.</strong></span> 
     </span>
     <span class='ocr_line' id='line_1_78' title="bbox 918 494 1604 535; baseline -0.003 -10"><span class='ocrx_word' id='word_1_457' title='bbox 918 500 1013 535; x_wconf 75' lang='lat' dir='ltr'>rog-at,</span> <span class='ocrx_word' id='word_1_458' title='bbox 1034 499 1068 524; x_wconf 92' lang='lat' dir='ltr'>ut</span> <span class='ocrx_word' id='word_1_459' title='bbox 1088 494 1118 523; x_wconf 90' lang='lat' dir='ltr'>in</span> <span class='ocrx_word' id='word_1_460' title='bbox 1141 503 1244 523; x_wconf 87' lang='lat' dir='ltr'>navem</span> <span class='ocrx_word' id='word_1_461' title='bbox 1258 499 1446 533; x_wconf 76' lang='lat' dir='ltr'>suscipiatur,</span> <span class='ocrx_word' id='word_1_462' title='bbox 1471 499 1537 528; x_wconf 90' lang='grc'><strong>277.</strong></span> <span class='ocrx_word' id='word_1_463' title='bbox 1553 505 1604 524; x_wconf 91' lang='lat' dir='ltr'>au-</span> 
     </span>
     <span class='ocr_line' id='line_1_79' title="bbox 919 533 1606 602; baseline -0.001 0"><span class='ocrx_word' id='word_1_464' title='bbox 919 534 1033 602; x_wconf 58' lang='lat' dir='ltr'>g³¹t⁶¹¹¹¹¹</span> <span class='ocrx_word' id='word_1_465' title='bbox 1045 534 1267 601; x_wconf 53' lang='lat' dir='ltr'>ffifflffissilm’</span> <span class='ocrx_word' id='word_1_466' title='bbox 1289 537 1352 600; x_wconf 62' lang='lat'><strong>⁵31·</strong></span> <span class='ocrx_word' id='word_1_467' title='bbox 1376 533 1606 601; x_wconf 43' lang='grc' dir='ltr'>Μέῗὲἓίοὲἒξὲ·</span> 
     </span>
    </p>

    <p class='ocr_par' dir='ltr' id='par_1_24' title="bbox 919 583 1609 727">
     <span class='ocr_line' id='line_1_80' title="bbox 940 583 1606 605; baseline -0.011 -3"><span class='ocrx_word' id='word_1_468' title='bbox 940 583 949 602; x_wconf 90' lang='lat'><strong>1</strong></span> <span class='ocrx_word' id='word_1_469' title='bbox 965 583 999 602; x_wconf 91' lang='lat' dir='ltr'>ur</span> <span class='ocrx_word' id='word_1_470' title='bbox 1012 583 1031 602; x_wconf 89' lang='lat' dir='ltr'>a</span> <span class='ocrx_word' id='word_1_471' title='bbox 1115 596 1121 600; x_wconf 76' lang='grc'><em>,</em></span> <span class='ocrx_word' id='word_1_472' title='bbox 1141 592 1150 605; x_wconf 95' lang='grc'>,</span> <span class='ocrx_word' id='word_1_473' title='bbox 1229 597 1234 601; x_wconf 93' lang='grc'>.</span> <span class='ocrx_word' id='word_1_474' title='bbox 1270 593 1278 600; x_wconf 90' lang='grc'>.</span> <span class='ocrx_word' id='word_1_475' title='bbox 1371 586 1392 600; x_wconf 79' lang='lat' dir='ltr'>v.</span> <span class='ocrx_word' id='word_1_476' title='bbox 1434 586 1442 604; x_wconf 49' lang='grc' dir='ltr'><em>ι</em></span> <span class='ocrx_word' id='word_1_477' title='bbox 1595 589 1606 595; x_wconf 85' lang='grc'>-</span> 
     </span>
     <span class='ocr_line' id='line_1_81' title="bbox 919 583 1609 651; baseline -0.003 -10"><span class='ocrx_word' id='word_1_478' title='bbox 919 583 995 651; x_wconf 63' lang='lat' dir='ltr'>iopae</span> <span class='ocrx_word' id='word_1_479' title='bbox 1008 611 1044 640; x_wconf 90' lang='lat' dir='ltr'>de</span> <span class='ocrx_word' id='word_1_480' title='bbox 1059 610 1177 650; x_wconf 85' lang='lat' dir='ltr'>Ulyssis</span> <span class='ocrx_word' id='word_1_481' title='bbox 1190 586 1286 639; x_wconf 46' lang='lat' dir='ltr'>reditu</span> <span class='ocrx_word' id='word_1_482' title='bbox 1305 610 1489 644; x_wconf 75' lang='lat' dir='ltr'>vaticinatur,</span> <span class='ocrx_word' id='word_1_483' title='bbox 1504 625 1525 649; x_wconf 71' lang='grc' dir='ltr'>ς.</span> <span class='ocrx_word' id='word_1_484' title='bbox 1543 614 1609 640; x_wconf 91' lang='grc'><strong>151.</strong></span> 
     </span>
     <span class='ocr_line' id='line_1_82' title="bbox 921 649 1606 688; baseline -0.003 -8"><span class='ocrx_word' id='word_1_485' title='bbox 921 651 1024 680; x_wconf 89' lang='lat' dir='ltr'>Procis</span> <span class='ocrx_word' id='word_1_486' title='bbox 1037 650 1144 679; x_wconf 91' lang='lat' dir='ltr'>malum</span> <span class='ocrx_word' id='word_1_487' title='bbox 1167 649 1321 678; x_wconf 83' lang='lat' dir='ltr'>imminens</span> <span class='ocrx_word' id='word_1_488' title='bbox 1345 649 1488 688; x_wconf 66' lang='lat' dir='ltr'>praedicst,</span> <span class='ocrx_word' id='word_1_489' title='bbox 1504 664 1526 678; x_wconf 74' lang='grc' dir='ltr'>ν.</span> <span class='ocrx_word' id='word_1_490' title='bbox 1540 653 1606 678; x_wconf 86' lang='grc'><strong>350.</strong></span> 
     </span>
     <span class='ocr_line' id='line_1_83' title="bbox 921 687 1331 727; baseline -0.002 -9"><span class='ocrx_word' id='word_1_491' title='bbox 921 690 983 719; x_wconf 79' lang='lat' dir='ltr'>exit</span> <span class='ocrx_word' id='word_1_492' title='bbox 998 689 1108 718; x_wconf 70' lang='lat' dir='ltr'>sedibus</span> <span class='ocrx_word' id='word_1_493' title='bbox 1123 687 1248 727; x_wconf 83' lang='lat' dir='ltr'>Ulyssis,</span> <span class='ocrx_word' id='word_1_494' title='bbox 1263 691 1331 720; x_wconf 90' lang='grc'><strong>371.</strong></span> 
     </span>
    </p>

    <p class='ocr_par' dir='ltr' id='par_1_25' title="bbox 884 726 1386 767">
     <span class='ocr_line' id='line_1_84' title="bbox 884 726 1386 767; baseline -0.004 -10"><span class='ocrx_word' id='word_1_495' title='bbox 884 728 1032 758; x_wconf 84' lang='lat' dir='ltr'>Thersitae</span> <span class='ocrx_word' id='word_1_496' title='bbox 1045 727 1215 767; x_wconf 77' lang='lat' dir='ltr'>gamilitas‚</span> <span class='ocrx_word' id='word_1_497' title='bbox 1232 726 1267 755; x_wconf 85' lang='lat'>11.</span> <span class='ocrx_word' id='word_1_498' title='bbox 1282 732 1307 761; x_wconf 87' lang='grc' dir='ltr'>β.</span> <span class='ocrx_word' id='word_1_499' title='bbox 1319 729 1386 755; x_wconf 83' lang='grc'><strong>212.</strong></span> 
     </span>
    </p>

    <p class='ocr_par' dir='ltr' id='par_1_26' title="bbox 884 765 1303 799">
     <span class='ocr_line' id='line_1_85' title="bbox 884 765 1303 799; baseline -0.002 -4"><span class='ocrx_word' id='word_1_500' title='bbox 884 766 1031 799; x_wconf 83' lang='lat' dir='ltr'>Theseus,</span> <span class='ocrx_word' id='word_1_501' title='bbox 1046 765 1101 795; x_wconf 88' lang='lat' dir='ltr'>Od.</span> <span class='ocrx_word' id='word_1_502' title='bbox 1117 775 1142 796; x_wconf 79' lang='grc' dir='ltr'>λ.</span> <span class='ocrx_word' id='word_1_503' title='bbox 1156 770 1222 796; x_wconf 87' lang='grc'><strong>321.</strong></span> <span class='ocrx_word' id='word_1_504' title='bbox 1238 767 1303 795; x_wconf 86' lang='grc'><strong>630.</strong></span> 
     </span>
    </p>

    <p class='ocr_par' dir='ltr' id='par_1_27' title="bbox 884 804 1444 850">
     <span class='ocr_line' id='line_1_86' title="bbox 884 804 1444 850; baseline -0.004 -16"><span class='ocrx_word' id='word_1_505' title='bbox 884 805 1056 850; x_wconf 85' lang='lat' dir='ltr'>Thesproti,</span> <span class='ocrx_word' id='word_1_506' title='bbox 1071 804 1180 844; x_wconf 79' lang='lat' dir='ltr'>populi,</span> <span class='ocrx_word' id='word_1_507' title='bbox 1192 804 1247 833; x_wconf 89' lang='lat' dir='ltr'>Od.</span> <span class='ocrx_word' id='word_1_508' title='bbox 1262 810 1283 839; x_wconf 86' lang='grc' dir='ltr'>ξ.</span> <span class='ocrx_word' id='word_1_509' title='bbox 1298 807 1362 833; x_wconf 88' lang='grc'><strong>315.</strong></span> <span class='ocrx_word' id='word_1_510' title='bbox 1378 804 1444 832; x_wconf 89' lang='grc'><strong>316.</strong></span> 
     </span>
    </p>

    <p class='ocr_par' dir='ltr' id='par_1_28' title="bbox 885 842 1529 877">
     <span class='ocr_line' id='line_1_87' title="bbox 885 842 1529 877; baseline -0.002 -4"><span class='ocrx_word' id='word_1_511' title='bbox 885 844 1023 873; x_wconf 80' lang='lat' dir='ltr'>Thendis</span> <span class='ocrx_word' id='word_1_512' title='bbox 1038 844 1129 873; x_wconf 88' lang='lat' dir='ltr'>verba</span> <span class='ocrx_word' id='word_1_513' title='bbox 1142 843 1179 872; x_wconf 88' lang='lat' dir='ltr'>ad</span> <span class='ocrx_word' id='word_1_514' title='bbox 1193 843 1351 877; x_wconf 80' lang='lat' dir='ltr'>Achillem,</span> <span class='ocrx_word' id='word_1_515' title='bbox 1368 842 1404 871; x_wconf 90' lang='lat' dir='ltr'>Il.</span> <span class='ocrx_word' id='word_1_516' title='bbox 1421 856 1448 871; x_wconf 71' lang='grc' dir='ltr'>α.</span> <span class='ocrx_word' id='word_1_517' title='bbox 1463 846 1529 872; x_wconf 86' lang='grc'><strong>414.</strong></span> 
     </span>
    </p>

    <p class='ocr_par' dir='ltr' id='par_1_29' title="bbox 885 881 1609 1039">
     <span class='ocr_line' id='line_1_88' title="bbox 885 881 1607 922; baseline -0.004 -11"><span class='ocrx_word' id='word_1_518' title='bbox 885 883 1003 917; x_wconf 86' lang='lat' dir='ltr'>Thetis,</span> <span class='ocrx_word' id='word_1_519' title='bbox 1018 882 1120 912; x_wconf 89' lang='lat' dir='ltr'>andita</span> <span class='ocrx_word' id='word_1_520' title='bbox 1133 882 1259 911; x_wconf 85' lang='lat' dir='ltr'>Achillis</span> <span class='ocrx_word' id='word_1_521' title='bbox 1282 886 1383 915; x_wconf 84' lang='lat' dir='ltr'>morte,</span> <span class='ocrx_word' id='word_1_522' title='bbox 1405 881 1477 910; x_wconf 90' lang='lat' dir='ltr'>mari</span> <span class='ocrx_word' id='word_1_523' title='bbox 1495 883 1607 922; x_wconf 86' lang='lat' dir='ltr'>egredi-</span> 
     </span>
     <span class='ocr_line' id='line_1_89' title="bbox 923 919 1606 956; baseline 0.001 -6"><span class='ocrx_word' id='word_1_524' title='bbox 923 925 979 956; x_wconf 81' lang='lat' dir='ltr'>tur,</span> <span class='ocrx_word' id='word_1_525' title='bbox 995 921 1050 951; x_wconf 92' lang='lat' dir='ltr'>Od.</span> <span class='ocrx_word' id='word_1_526' title='bbox 1065 936 1091 951; x_wconf 76' lang='grc' dir='ltr'>ω.</span> <span class='ocrx_word' id='word_1_527' title='bbox 1117 925 1163 954; x_wconf 86' lang='grc'>47.</span> <span class='ocrx_word' id='word_1_528' title='bbox 1185 921 1345 950; x_wconf 84' lang='lat' dir='ltr'>certamina</span> <span class='ocrx_word' id='word_1_529' title='bbox 1368 919 1501 950; x_wconf 86' lang='lat' dir='ltr'>funebria</span> <span class='ocrx_word' id='word_1_530' title='bbox 1521 923 1548 951; x_wconf 91' lang='lat' dir='ltr'>ei</span> <span class='ocrx_word' id='word_1_531' title='bbox 1563 922 1606 951; x_wconf 85' lang='lat' dir='ltr'>in-</span> 
     </span>
     <span class='ocr_line' id='line_1_90' title="bbox 923 959 1609 1000; baseline 0.003 -11"><span class='ocrx_word' id='word_1_532' title='bbox 923 961 1029 995; x_wconf 79' lang='lat' dir='ltr'>stituit,</span> <span class='ocrx_word' id='word_1_533' title='bbox 1045 964 1088 990; x_wconf 85' lang='lat'>85.</span> <span class='ocrx_word' id='word_1_534' title='bbox 1130 959 1299 989; x_wconf 88' lang='lat' dir='ltr'>Vulcanum</span> <span class='ocrx_word' id='word_1_535' title='bbox 1309 959 1461 988; x_wconf 66' lang='lat' dir='ltr'>cadentem</span> <span class='ocrx_word' id='word_1_536' title='bbox 1473 961 1609 1000; x_wconf 84' lang='lat' dir='ltr'>suscipit,</span> 
     </span>
     <span class='ocr_line' id='line_1_91' title="bbox 929 998 1324 1039; baseline -0.003 -11"><span class='ocrx_word' id='word_1_537' title='bbox 929 999 1044 1039; x_wconf 88' lang='lat' dir='ltr'>Hymn.</span> <span class='ocrx_word' id='word_1_538' title='bbox 1061 1004 1086 1028; x_wconf 92' lang='lat'>1.</span> <span class='ocrx_word' id='word_1_539' title='bbox 1101 999 1131 1028; x_wconf 88' lang='lat' dir='ltr'>in</span> <span class='ocrx_word' id='word_1_540' title='bbox 1144 998 1242 1038; x_wconf 84' lang='lat' dir='ltr'>Apoll.</span> <span class='ocrx_word' id='word_1_541' title='bbox 1258 1002 1324 1031; x_wconf 89' lang='grc'><strong>319.</strong></span> 
     </span>
    </p>

    <p class='ocr_par' dir='ltr' id='par_1_30' title="bbox 884 1036 1613 1262">
     <span class='ocr_line' id='line_1_92' title="bbox 884 1036 1609 1082; baseline 0.003 -16"><span class='ocrx_word' id='word_1_542' title='bbox 884 1037 991 1068; x_wconf 86' lang='lat' dir='ltr'>Thetis</span> <span class='ocrx_word' id='word_1_543' title='bbox 1002 1039 1107 1068; x_wconf 88' lang='lat' dir='ltr'>Jovem</span> <span class='ocrx_word' id='word_1_544' title='bbox 1119 1037 1287 1077; x_wconf 85' lang='lat' dir='ltr'>interpellat</span> <span class='ocrx_word' id='word_1_545' title='bbox 1299 1047 1352 1082; x_wconf 88' lang='lat' dir='ltr'>pro</span> <span class='ocrx_word' id='word_1_546' title='bbox 1363 1036 1435 1072; x_wconf 86' lang='lat' dir='ltr'>filio,</span> <span class='ocrx_word' id='word_1_547' title='bbox 1451 1037 1486 1066; x_wconf 92' lang='lat' dir='ltr'>Il.</span> <span class='ocrx_word' id='word_1_548' title='bbox 1502 1051 1530 1067; x_wconf 65' lang='lat' dir='ltr'>a.</span> <span class='ocrx_word' id='word_1_549' title='bbox 1543 1042 1609 1068; x_wconf 87' lang='grc'><strong>503.</strong></span> 
     </span>
     <span class='ocr_line' id='line_1_93' title="bbox 922 1076 1612 1117; baseline 0.001 -11"><span class='ocrx_word' id='word_1_550' title='bbox 922 1077 1026 1117; x_wconf 83' lang='lat' dir='ltr'>lugens</span> <span class='ocrx_word' id='word_1_551' title='bbox 1042 1077 1188 1106; x_wconf 72' lang='lat' dir='ltr'>Nereidas</span> <span class='ocrx_word' id='word_1_552' title='bbox 1201 1076 1239 1105; x_wconf 91' lang='lat' dir='ltr'>all</span> <span class='ocrx_word' id='word_1_553' title='bbox 1279 1081 1357 1105; x_wconf 76' lang='lat' dir='ltr'>uitur</span> <span class='ocrx_word' id='word_1_554' title='bbox 1371 1089 1396 1105; x_wconf 59' lang='lat' dir='ltr'>ur.</span> <span class='ocrx_word' id='word_1_555' title='bbox 1409 1080 1454 1106; x_wconf 88' lang='grc'>52.</span> <span class='ocrx_word' id='word_1_556' title='bbox 1466 1076 1612 1107; x_wconf 78' lang='lat' dir='ltr'>Achillem</span> 
     </span>
     <span class='ocr_line' id='line_1_94' title="bbox 923 1115 1613 1156; baseline 0.001 -11"><span class='ocrx_word' id='word_1_557' title='bbox 923 1116 1085 1156; x_wconf 86' lang='lat' dir='ltr'>interrogat</span> <span class='ocrx_word' id='word_1_558' title='bbox 1109 1119 1155 1149; x_wconf 89' lang='lat'>73.</span> <span class='ocrx_word' id='word_1_559' title='bbox 1184 1115 1260 1145; x_wconf 81' lang='lat' dir='ltr'>Ach&#39;</span> <span class='ocrx_word' id='word_1_560' title='bbox 1286 1115 1292 1121; x_wconf 73' lang='lat'><strong>⁴</strong></span> <span class='ocrx_word' id='word_1_561' title='bbox 1321 1125 1402 1144; x_wconf 89' lang='lat' dir='ltr'>arma</span> <span class='ocrx_word' id='word_1_562' title='bbox 1427 1115 1572 1154; x_wconf 88' lang='lat' dir='ltr'>promittit</span> <span class='ocrx_word' id='word_1_563' title='bbox 1595 1127 1613 1146; x_wconf 85' lang='lat' dir='ltr'>a</span> 
     </span>
     <span class='ocr_line' id='line_1_95' title="bbox 924 1154 1612 1188; baseline 0.001 -4"><span class='ocrx_word' id='word_1_564' title='bbox 924 1155 1062 1184; x_wconf 80' lang='lat' dir='ltr'>Vulcano</span> <span class='ocrx_word' id='word_1_565' title='bbox 1077 1158 1142 1188; x_wconf 87' lang='lat'><strong>127.</strong></span> <span class='ocrx_word' id='word_1_566' title='bbox 1169 1154 1333 1183; x_wconf 89' lang='lat' dir='ltr'>Vulcanum</span> <span class='ocrx_word' id='word_1_567' title='bbox 1347 1154 1410 1183; x_wconf 87' lang='lat' dir='ltr'>adit</span> <span class='ocrx_word' id='word_1_568' title='bbox 1422 1156 1489 1187; x_wconf 89' lang='grc'><strong>369.</strong></span> <span class='ocrx_word' id='word_1_569' title='bbox 1504 1159 1535 1184; x_wconf 92' lang='lat' dir='ltr'>et</span> <span class='ocrx_word' id='word_1_570' title='bbox 1547 1160 1612 1185; x_wconf 88' lang='lat' dir='ltr'>orat</span> 
     </span>
     <span class='ocr_line' id='line_1_96' title="bbox 925 1193 1612 1224; baseline 0.001 -1"><span class='ocrx_word' id='word_1_571' title='bbox 925 1198 959 1223; x_wconf 92' lang='lat' dir='ltr'>ut</span> <span class='ocrx_word' id='word_1_572' title='bbox 972 1193 1083 1223; x_wconf 91' lang='lat' dir='ltr'>Achilli</span> <span class='ocrx_word' id='word_1_573' title='bbox 1095 1194 1276 1223; x_wconf 83' lang='lat' dir='ltr'>fabricentur</span> <span class='ocrx_word' id='word_1_574' title='bbox 1289 1203 1370 1223; x_wconf 83' lang='lat' dir='ltr'>arma</span> <span class='ocrx_word' id='word_1_575' title='bbox 1388 1196 1456 1222; x_wconf 81' lang='lat'><strong>430.</strong></span> <span class='ocrx_word' id='word_1_576' title='bbox 1484 1193 1612 1224; x_wconf 90' lang='lat' dir='ltr'>Vulcani</span> 
     </span>
     <span class='ocr_line' id='line_1_97' title="bbox 925 1232 1305 1262; baseline -0.003 0"><span class='ocrx_word' id='word_1_577' title='bbox 925 1243 1007 1262; x_wconf 89' lang='lat' dir='ltr'>arma</span> <span class='ocrx_word' id='word_1_578' title='bbox 1019 1233 1105 1262; x_wconf 84' lang='lat' dir='ltr'>affert</span> <span class='ocrx_word' id='word_1_579' title='bbox 1118 1232 1227 1261; x_wconf 84' lang='lat' dir='ltr'>Achilli</span> <span class='ocrx_word' id='word_1_580' title='bbox 1240 1247 1262 1261; x_wconf 73' lang='grc' dir='ltr'>τ.</span> <span class='ocrx_word' id='word_1_581' title='bbox 1279 1236 1305 1261; x_wconf 87' lang='grc'>8.</span> 
     </span>
    </p>

    <p class='ocr_par' dir='ltr' id='par_1_31' title="bbox 887 1272 1181 1307">
     <span class='ocr_line' id='line_1_98' title="bbox 887 1272 1181 1307; baseline -0.007 -5"><span class='ocrx_word' id='word_1_582' title='bbox 887 1272 1011 1307; x_wconf 84' lang='lat' dir='ltr'>Thisbe,</span> <span class='ocrx_word' id='word_1_583' title='bbox 1028 1272 1059 1301; x_wconf 75' lang='lat'><strong>11</strong></span> <span class='ocrx_word' id='word_1_584' title='bbox 1075 1278 1101 1307; x_wconf 87' lang='grc' dir='ltr'>β.</span> <span class='ocrx_word' id='word_1_585' title='bbox 1115 1275 1181 1301; x_wconf 92' lang='grc'><strong>502.</strong></span> 
     </span>
    </p>

    <p class='ocr_par' dir='ltr' id='par_1_32' title="bbox 888 1309 1613 1383">
     <span class='ocr_line' id='line_1_99' title="bbox 888 1309 1613 1355; baseline 0.001 -15"><span class='ocrx_word' id='word_1_586' title='bbox 888 1312 1002 1355; x_wconf 81' lang='lat' dir='ltr'>Thoas,</span> <span class='ocrx_word' id='word_1_587' title='bbox 1017 1311 1071 1341; x_wconf 93' lang='lat' dir='ltr'>Od.</span> <span class='ocrx_word' id='word_1_588' title='bbox 1087 1317 1109 1346; x_wconf 84' lang='grc' dir='ltr'>ξ.</span> <span class='ocrx_word' id='word_1_589' title='bbox 1124 1314 1190 1343; x_wconf 88' lang='grc'><strong>499.</strong></span> <span class='ocrx_word' id='word_1_590' title='bbox 1207 1309 1242 1339; x_wconf 86' lang='grc' dir='ltr'>ΙΙ.</span> <span class='ocrx_word' id='word_1_591' title='bbox 1256 1316 1282 1345; x_wconf 81' lang='grc' dir='ltr'>β.</span> <span class='ocrx_word' id='word_1_592' title='bbox 1296 1311 1361 1339; x_wconf 89' lang='grc'><strong>638.</strong></span> <span class='ocrx_word' id='word_1_593' title='bbox 1385 1309 1485 1340; x_wconf 88' lang='lat' dir='ltr'>Pirum</span> <span class='ocrx_word' id='word_1_594' title='bbox 1504 1311 1613 1341; x_wconf 89' lang='lat' dir='ltr'>interfi-</span> 
     </span>
     <span class='ocr_line' id='line_1_100' title="bbox 927 1354 1081 1383; baseline 0.006 -4"><span class='ocrx_word' id='word_1_595' title='bbox 927 1354 967 1379; x_wconf 69' lang='grc'>011</span> <span class='ocrx_word' id='word_1_596' title='bbox 981 1354 1004 1379; x_wconf 82' lang='grc' dir='ltr'>δ.</span> <span class='ocrx_word' id='word_1_597' title='bbox 1016 1354 1081 1383; x_wconf 80' lang='grc'><strong>527.</strong></span> 
     </span>
    </p>

    <p class='ocr_par' dir='ltr' id='par_1_33' title="bbox 890 1388 1498 1429">
     <span class='ocr_line' id='line_1_101' title="bbox 890 1388 1498 1429; baseline 0.002 -11"><span class='ocrx_word' id='word_1_598' title='bbox 890 1389 1022 1423; x_wconf 88' lang='lat' dir='ltr'>Thoosa‚</span> <span class='ocrx_word' id='word_1_599' title='bbox 1039 1388 1211 1429; x_wconf 82' lang='lat' dir='ltr'>Polyphemi</span> <span class='ocrx_word' id='word_1_600' title='bbox 1221 1393 1327 1422; x_wconf 87' lang='lat' dir='ltr'>mater,</span> <span class='ocrx_word' id='word_1_601' title='bbox 1341 1388 1397 1417; x_wconf 85' lang='lat' dir='ltr'>od.</span> <span class='ocrx_word' id='word_1_602' title='bbox 1412 1402 1438 1418; x_wconf 70' lang='grc' dir='ltr'>α.</span> <span class='ocrx_word' id='word_1_603' title='bbox 1452 1393 1498 1421; x_wconf 87' lang='grc'>71.</span> 
     </span>
    </p>

    <p class='ocr_par' dir='ltr' id='par_1_34' title="bbox 891 1428 1368 1463">
     <span class='ocr_line' id='line_1_102' title="bbox 891 1428 1368 1463; baseline -0.002 -6"><span class='ocrx_word' id='word_1_604' title='bbox 891 1428 1031 1463; x_wconf 89' lang='lat' dir='ltr'>Thracia,</span> <span class='ocrx_word' id='word_1_605' title='bbox 1049 1428 1084 1456; x_wconf 89' lang='lat' dir='ltr'>ll.</span> <span class='ocrx_word' id='word_1_606' title='bbox 1099 1443 1115 1457; x_wconf 71' lang='grc' dir='ltr'>ι.</span> <span class='ocrx_word' id='word_1_607' title='bbox 1129 1431 1172 1461; x_wconf 93' lang='grc'>72.</span> <span class='ocrx_word' id='word_1_608' title='bbox 1188 1428 1244 1457; x_wconf 89' lang='lat' dir='ltr'>Od.</span> <span class='ocrx_word' id='word_1_609' title='bbox 1259 1432 1289 1457; x_wconf 58' lang='grc' dir='ltr'>ἃ.</span> <span class='ocrx_word' id='word_1_610' title='bbox 1302 1428 1368 1457; x_wconf 90' lang='grc'><strong>361.</strong></span> 
     </span>
    </p>

    <p class='ocr_par' dir='ltr' id='par_1_35' title="bbox 893 1467 1206 1500">
     <span class='ocr_line' id='line_1_103' title="bbox 893 1467 1206 1500; baseline 0.003 -5"><span class='ocrx_word' id='word_1_611' title='bbox 893 1467 1035 1500; x_wconf 82' lang='lat' dir='ltr'>Thraces,</span> <span class='ocrx_word' id='word_1_612' title='bbox 1051 1467 1086 1495; x_wconf 87' lang='lat' dir='ltr'>ll.</span> <span class='ocrx_word' id='word_1_613' title='bbox 1101 1471 1124 1496; x_wconf 82' lang='grc' dir='ltr'>δ.</span> <span class='ocrx_word' id='word_1_614' title='bbox 1140 1470 1206 1496; x_wconf 83' lang='grc'><strong>533.</strong></span> 
     </span>
    </p>

    <p class='ocr_par' dir='ltr' id='par_1_36' title="bbox 891 1504 1613 1573">
     <span class='ocr_line' id='line_1_104' title="bbox 891 1504 1613 1573; baseline 0.001 -38"><span class='ocrx_word' id='word_1_615' title='bbox 891 1505 1121 1573; x_wconf 57' lang='grc' dir='ltr'>ΤΙιΟι-ῗγωεάεε,</span> <span class='ocrx_word' id='word_1_616' title='bbox 1134 1506 1273 1535; x_wconf 87' lang='lat' dir='ltr'>Nestoris</span> <span class='ocrx_word' id='word_1_617' title='bbox 1283 1505 1373 1540; x_wconf 89' lang='lat' dir='ltr'>filius,</span> <span class='ocrx_word' id='word_1_618' title='bbox 1385 1504 1488 1534; x_wconf 89' lang='lat' dir='ltr'>bovem</span> <span class='ocrx_word' id='word_1_619' title='bbox 1496 1506 1613 1543; x_wconf 87' lang='lat' dir='ltr'>occidit,</span> 
     </span>
    </p>

    <p class='ocr_par' dir='ltr' id='par_1_37' title="bbox 1001 1548 1108 1580">
     <span class='ocr_line' id='line_1_105' title="bbox 1001 1548 1108 1580; baseline 0 -7"><span class='ocrx_word' id='word_1_620' title='bbox 1001 1559 1027 1580; x_wconf 70' lang='grc' dir='ltr'>γ.</span> <span class='ocrx_word' id='word_1_621' title='bbox 1043 1548 1108 1573; x_wconf 78' lang='lat'><strong>448.</strong></span> 
     </span>
    </p>

    <p class='ocr_par' dir='ltr' id='par_1_38' title="bbox 891 1583 1349 1622">
     <span class='ocr_line' id='line_1_106' title="bbox 891 1583 1349 1622; baseline 0.002 -10"><span class='ocrx_word' id='word_1_622' title='bbox 891 1584 1053 1622; x_wconf 82' lang='lat' dir='ltr'>Thryoessa</span> <span class='ocrx_word' id='word_1_623' title='bbox 1066 1584 1184 1619; x_wconf 82' lang='lat' dir='ltr'>civitas,</span> <span class='ocrx_word' id='word_1_624' title='bbox 1201 1583 1236 1613; x_wconf 83' lang='lat' dir='ltr'>Il.</span> <span class='ocrx_word' id='word_1_625' title='bbox 1252 1592 1275 1613; x_wconf 85' lang='grc' dir='ltr'>λ.</span> <span class='ocrx_word' id='word_1_626' title='bbox 1285 1586 1349 1616; x_wconf 84' lang='grc'><strong>710.</strong></span> 
     </span>
    </p>

    <p class='ocr_par' dir='ltr' id='par_1_39' title="bbox 892 1622 1243 1661">
     <span class='ocr_line' id='line_1_107' title="bbox 892 1622 1243 1661; baseline 0.003 -10"><span class='ocrx_word' id='word_1_627' title='bbox 892 1623 1050 1661; x_wconf 80' lang='lat' dir='ltr'>Thyestes,</span> <span class='ocrx_word' id='word_1_628' title='bbox 1064 1622 1121 1652; x_wconf 89' lang='lat' dir='ltr'>Od.</span> <span class='ocrx_word' id='word_1_629' title='bbox 1138 1627 1160 1652; x_wconf 83' lang='grc' dir='ltr'>δ.</span> <span class='ocrx_word' id='word_1_630' title='bbox 1177 1626 1243 1656; x_wconf 83' lang='grc'><strong>517.</strong></span> 
     </span>
    </p>

    <p class='ocr_par' dir='ltr' id='par_1_40' title="bbox 891 1661 1230 1701">
     <span class='ocr_line' id='line_1_108' title="bbox 891 1661 1230 1701; baseline 0 -11"><span class='ocrx_word' id='word_1_631' title='bbox 891 1661 1054 1701; x_wconf 83' lang='lat' dir='ltr'>Thymbra,</span> <span class='ocrx_word' id='word_1_632' title='bbox 1071 1661 1106 1690; x_wconf 89' lang='lat' dir='ltr'>ll.</span> <span class='ocrx_word' id='word_1_633' title='bbox 1122 1676 1149 1691; x_wconf 78' lang='grc' dir='ltr'>κ.</span> <span class='ocrx_word' id='word_1_634' title='bbox 1164 1665 1230 1690; x_wconf 88' lang='grc'><strong>430.</strong></span> 
     </span>
    </p>

    <p class='ocr_par' dir='ltr' id='par_1_41' title="bbox 892 1699 1620 1856">
     <span class='ocr_line' id='line_1_109' title="bbox 892 1699 1620 1734; baseline 0.003 -5"><span class='ocrx_word' id='word_1_635' title='bbox 892 1700 1036 1734; x_wconf 83' lang='lat' dir='ltr'>Tiresias,</span> <span class='ocrx_word' id='word_1_636' title='bbox 1051 1704 1135 1729; x_wconf 84' lang='lat' dir='ltr'>vates</span> <span class='ocrx_word' id='word_1_637' title='bbox 1149 1710 1254 1734; x_wconf 80' lang='lat' dir='ltr'>caecus,</span> <span class='ocrx_word' id='word_1_638' title='bbox 1270 1699 1326 1729; x_wconf 85' lang='lat' dir='ltr'>Od.</span> <span class='ocrx_word' id='word_1_639' title='bbox 1346 1714 1374 1734; x_wconf 72' lang='lat' dir='ltr'>z,</span> <span class='ocrx_word' id='word_1_640' title='bbox 1394 1704 1460 1733; x_wconf 86' lang='lat'><strong>492.</strong></span> <span class='ocrx_word' id='word_1_641' title='bbox 1483 1701 1563 1730; x_wconf 84' lang='lat' dir='ltr'>solus</span> <span class='ocrx_word' id='word_1_642' title='bbox 1583 1712 1620 1732; x_wconf 83' lang='lat' dir='ltr'>ex</span> 
     </span>
     <span class='ocr_line' id='line_1_110' title="bbox 931 1738 1619 1783; baseline 0.003 -15"><span class='ocrx_word' id='word_1_643' title='bbox 931 1739 1040 1768; x_wconf 81' lang='lat' dir='ltr'>umbris</span> <span class='ocrx_word' id='word_1_644' title='bbox 1064 1739 1192 1783; x_wconf 83' lang='lat' dir='ltr'>sapiens,</span> <span class='ocrx_word' id='word_1_645' title='bbox 1218 1742 1285 1772; x_wconf 83' lang='lat'><strong>494.</strong></span> <span class='ocrx_word' id='word_1_646' title='bbox 1307 1738 1409 1778; x_wconf 87' lang='lat' dir='ltr'>Ulyssi</span> <span class='ocrx_word' id='word_1_647' title='bbox 1432 1743 1565 1779; x_wconf 85' lang='lat' dir='ltr'>apparet,</span> <span class='ocrx_word' id='word_1_648' title='bbox 1593 1750 1619 1775; x_wconf 74' lang='grc' dir='ltr'>λ,</span> 
     </span>
     <span class='ocr_line' id='line_1_111' title="bbox 928 1777 1620 1818; baseline 0.003 -11"><span class='ocrx_word' id='word_1_649' title='bbox 928 1783 976 1810; x_wconf 84' lang='grc'>90.</span> <span class='ocrx_word' id='word_1_650' title='bbox 990 1777 1026 1807; x_wconf 88' lang='lat' dir='ltr'>de</span> <span class='ocrx_word' id='word_1_651' title='bbox 1040 1778 1135 1807; x_wconf 75' lang='lat' dir='ltr'>reditu</span> <span class='ocrx_word' id='word_1_652' title='bbox 1150 1778 1177 1807; x_wconf 91' lang='lat' dir='ltr'>ei</span> <span class='ocrx_word' id='word_1_653' title='bbox 1190 1778 1300 1807; x_wconf 83' lang='lat' dir='ltr'>monita</span> <span class='ocrx_word' id='word_1_654' title='bbox 1313 1778 1376 1812; x_wconf 89' lang='lat' dir='ltr'>dat,</span> <span class='ocrx_word' id='word_1_655' title='bbox 1390 1782 1421 1807; x_wconf 91' lang='lat' dir='ltr'>et</span> <span class='ocrx_word' id='word_1_656' title='bbox 1434 1778 1534 1808; x_wconf 75' lang='lat' dir='ltr'>futura</span> <span class='ocrx_word' id='word_1_657' title='bbox 1545 1789 1620 1818; x_wconf 79' lang='lat' dir='ltr'>prae-</span> 
     </span>
     <span class='ocr_line' id='line_1_112' title="bbox 930 1817 1620 1856; baseline 0.003 -10"><span class='ocrx_word' id='word_1_658' title='bbox 930 1817 1014 1851; x_wconf 87' lang='lat' dir='ltr'>dicit,</span> <span class='ocrx_word' id='word_1_659' title='bbox 1026 1821 1072 1849; x_wconf 90' lang='grc'>99.</span> <span class='ocrx_word' id='word_1_660' title='bbox 1087 1817 1172 1846; x_wconf 84' lang='lat' dir='ltr'>docet</span> <span class='ocrx_word' id='word_1_661' title='bbox 1184 1827 1250 1846; x_wconf 91' lang='lat' dir='ltr'>eum</span> <span class='ocrx_word' id='word_1_662' title='bbox 1264 1827 1322 1856; x_wconf 90' lang='lat' dir='ltr'>qua</span> <span class='ocrx_word' id='word_1_663' title='bbox 1334 1817 1447 1846; x_wconf 89' lang='lat' dir='ltr'>ratione</span> <span class='ocrx_word' id='word_1_664' title='bbox 1461 1818 1498 1847; x_wconf 92' lang='lat' dir='ltr'>ab</span> <span class='ocrx_word' id='word_1_665' title='bbox 1511 1819 1620 1848; x_wconf 79' lang='lat' dir='ltr'>umbn&#39;s</span> 
     </span>
    </p>

    <p class='ocr_par' dir='ltr' id='par_1_42' title="bbox 894 1855 1617 1930">
     <span class='ocr_line' id='line_1_113' title="bbox 894 1855 1617 1928; baseline 0.004 -43"><span class='ocrx_word' id='word_1_666' title='bbox 894 1861 1122 1924; x_wconf 49' lang='lat' dir='ltr'>Tzffgioscaitlzur,</span> <span class='ocrx_word' id='word_1_667' title='bbox 1135 1859 1203 1928; x_wconf 54' lang='grc' dir='ltr'>ἐξ.</span> <span class='ocrx_word' id='word_1_668' title='bbox 1226 1856 1296 1885; x_wconf 88' lang='lat' dir='ltr'>Orci</span> <span class='ocrx_word' id='word_1_669' title='bbox 1309 1855 1425 1885; x_wconf 87' lang='lat' dir='ltr'>domum</span> <span class='ocrx_word' id='word_1_670' title='bbox 1444 1856 1536 1892; x_wconf 90' lang='lat' dir='ltr'>subit,</span> <span class='ocrx_word' id='word_1_671' title='bbox 1551 1861 1617 1890; x_wconf 80' lang='lat'><strong>249.</strong></span> 
     </span>
     <span class='ocr_line' id='line_1_114' title="bbox 924 1901 1201 1930; baseline 0 -6"><span class='ocrx_word' id='word_1_672' title='bbox 924 1905 932 1924; x_wconf 84' lang='grc' dir='ltr'>ι</span> <span class='ocrx_word' id='word_1_673' title='bbox 986 1905 1030 1929; x_wconf 86' lang='lat' dir='ltr'>es,</span> <span class='ocrx_word' id='word_1_674' title='bbox 1076 1920 1081 1925; x_wconf 90' lang='lat'>.</span> <span class='ocrx_word' id='word_1_675' title='bbox 1097 1901 1120 1930; x_wconf 81' lang='grc' dir='ltr'>ξ,</span> <span class='ocrx_word' id='word_1_676' title='bbox 1194 1916 1201 1924; x_wconf 92' lang='grc'>.</span> 
     </span>
    </p>

    <p class='ocr_par' dir='ltr' id='par_1_43' title="bbox 894 1933 1620 1971">
     <span class='ocr_line' id='line_1_115' title="bbox 894 1933 1620 1971; baseline 0.004 -9"><span class='ocrx_word' id='word_1_677' title='bbox 894 1933 1061 1964; x_wconf 84' lang='lat' dir='ltr'>Titaresius</span> <span class='ocrx_word' id='word_1_678' title='bbox 1080 1933 1186 1964; x_wconf 86' lang='lat' dir='ltr'>fluvius</span> <span class='ocrx_word' id='word_1_679' title='bbox 1210 1934 1308 1963; x_wconf 88' lang='lat' dir='ltr'>Peneo</span> <span class='ocrx_word' id='word_1_680' title='bbox 1330 1944 1387 1963; x_wconf 92' lang='lat' dir='ltr'>non</span> <span class='ocrx_word' id='word_1_681' title='bbox 1411 1934 1562 1971; x_wconf 86' lang='lat' dir='ltr'>miscetur,</span> <span class='ocrx_word' id='word_1_682' title='bbox 1586 1935 1620 1966; x_wconf 81' lang='grc' dir='ltr'>ΙΙ.</span> 
     </span>
    </p>

    <p class='ocr_par' dir='ltr' id='par_1_44' title="bbox 895 2011 1617 2052">
     <span class='ocr_line' id='line_1_116' title="bbox 895 2011 1617 2052; baseline 0.004 -12"><span class='ocrx_word' id='word_1_683' title='bbox 895 2011 1052 2046; x_wconf 86' lang='lat' dir='ltr'>Tithonus,</span> <span class='ocrx_word' id='word_1_684' title='bbox 1066 2011 1119 2042; x_wconf 87' lang='lat' dir='ltr'>Od.</span> <span class='ocrx_word' id='word_1_685' title='bbox 1137 2025 1153 2042; x_wconf 73' lang='grc' dir='ltr'>ε.</span> <span class='ocrx_word' id='word_1_686' title='bbox 1168 2015 1192 2043; x_wconf 94' lang='grc'>1.</span> <span class='ocrx_word' id='word_1_687' title='bbox 1208 2012 1245 2041; x_wconf 88' lang='lat' dir='ltr'>ab</span> <span class='ocrx_word' id='word_1_688' title='bbox 1258 2013 1375 2041; x_wconf 88' lang='lat' dir='ltr'>Aurora</span> <span class='ocrx_word' id='word_1_689' title='bbox 1382 2016 1494 2052; x_wconf 87' lang='lat' dir='ltr'>raptus,</span> <span class='ocrx_word' id='word_1_690' title='bbox 1508 2013 1617 2052; x_wconf 78' lang='lat' dir='ltr'>Hymn.</span> 
     </span>
    </p>

    <p class='ocr_par' dir='ltr' id='par_1_45' title="bbox 938 2051 1184 2084">
     <span class='ocr_line' id='line_1_117' title="bbox 938 2051 1184 2084; baseline 0.004 -5"><span class='ocrx_word' id='word_1_691' title='bbox 938 2054 961 2080; x_wconf 92' lang='lat'>1.</span> <span class='ocrx_word' id='word_1_692' title='bbox 977 2051 1006 2079; x_wconf 91' lang='lat' dir='ltr'>in</span> <span class='ocrx_word' id='word_1_693' title='bbox 1022 2051 1100 2080; x_wconf 89' lang='lat' dir='ltr'>Ven.</span> <span class='ocrx_word' id='word_1_694' title='bbox 1117 2055 1184 2084; x_wconf 86' lang='lat'><strong>219.</strong></span> 
     </span>
    </p>

    <p class='ocr_par' dir='ltr' id='par_1_46' title="bbox 897 2089 1622 2163">
     <span class='ocr_line' id='line_1_118' title="bbox 897 2089 1622 2128; baseline 0.003 -10"><span class='ocrx_word' id='word_1_695' title='bbox 897 2089 1015 2128; x_wconf 88' lang='lat' dir='ltr'>Tityus,</span> <span class='ocrx_word' id='word_1_696' title='bbox 1030 2090 1131 2119; x_wconf 86' lang='lat' dir='ltr'>Terrae</span> <span class='ocrx_word' id='word_1_697' title='bbox 1144 2089 1232 2124; x_wconf 87' lang='lat' dir='ltr'>filius,</span> <span class='ocrx_word' id='word_1_698' title='bbox 1248 2089 1302 2120; x_wconf 92' lang='lat' dir='ltr'>Od.</span> <span class='ocrx_word' id='word_1_699' title='bbox 1317 2105 1341 2123; x_wconf 76' lang='grc' dir='ltr'>η.</span> <span class='ocrx_word' id='word_1_700' title='bbox 1366 2093 1433 2120; x_wconf 79' lang='grc'><strong>324.</strong></span> <span class='ocrx_word' id='word_1_701' title='bbox 1457 2101 1476 2120; x_wconf 89' lang='lat' dir='ltr'>a</span> <span class='ocrx_word' id='word_1_702' title='bbox 1499 2090 1622 2121; x_wconf 87' lang='lat' dir='ltr'>vulturi-</span> 
     </span>
     <span class='ocr_line' id='line_1_119' title="bbox 935 2128 1261 2163; baseline 0.003 -6"><span class='ocrx_word' id='word_1_703' title='bbox 935 2128 989 2157; x_wconf 91' lang='lat' dir='ltr'>bus</span> <span class='ocrx_word' id='word_1_704' title='bbox 999 2128 1138 2163; x_wconf 84' lang='lat' dir='ltr'>laniatur,</span> <span class='ocrx_word' id='word_1_705' title='bbox 1153 2137 1179 2158; x_wconf 74' lang='grc' dir='ltr'>λ.</span> <span class='ocrx_word' id='word_1_706' title='bbox 1195 2133 1261 2162; x_wconf 85' lang='grc'><strong>577.</strong></span> 
     </span>
    </p>

    <p class='ocr_par' dir='ltr' id='par_1_47' title="bbox 898 2167 1623 2241">
     <span class='ocr_line' id='line_1_120' title="bbox 898 2167 1623 2209; baseline 0.004 -13"><span class='ocrx_word' id='word_1_707' title='bbox 898 2167 1095 2206; x_wconf 80' lang='lat' dir='ltr'>Tlepolemus,</span> <span class='ocrx_word' id='word_1_708' title='bbox 1112 2168 1145 2197; x_wconf 84' lang='lat' dir='ltr'>Il.</span> <span class='ocrx_word' id='word_1_709' title='bbox 1160 2174 1187 2203; x_wconf 81' lang='grc' dir='ltr'>β.</span> <span class='ocrx_word' id='word_1_710' title='bbox 1208 2169 1274 2201; x_wconf 86' lang='grc'><strong>657.</strong></span> <span class='ocrx_word' id='word_1_711' title='bbox 1297 2172 1409 2208; x_wconf 86' lang='lat' dir='ltr'>pugnat</span> <span class='ocrx_word' id='word_1_712' title='bbox 1428 2179 1493 2198; x_wconf 89' lang='lat' dir='ltr'>cum</span> <span class='ocrx_word' id='word_1_713' title='bbox 1518 2169 1623 2209; x_wconf 89' lang='lat' dir='ltr'>Sarpe-</span> 
     </span>
     <span class='ocr_line' id='line_1_121' title="bbox 937 2206 1137 2241; baseline 0.005 -6"><span class='ocrx_word' id='word_1_714' title='bbox 937 2206 1024 2241; x_wconf 90' lang='lat' dir='ltr'>done,</span> <span class='ocrx_word' id='word_1_715' title='bbox 1040 2219 1056 2236; x_wconf 82' lang='grc' dir='ltr'>ε.</span> <span class='ocrx_word' id='word_1_716' title='bbox 1071 2207 1137 2240; x_wconf 81' lang='grc'><strong>627.</strong></span> 
     </span>
    </p>

    <p class='ocr_par' dir='ltr' id='par_1_48' title="bbox 898 2244 1300 2281">
     <span class='ocr_line' id='line_1_122' title="bbox 898 2244 1300 2281; baseline 0 -7"><span class='ocrx_word' id='word_1_717' title='bbox 898 2245 1020 2275; x_wconf 91' lang='lat' dir='ltr'>Tmolus</span> <span class='ocrx_word' id='word_1_718' title='bbox 1033 2256 1128 2280; x_wconf 86' lang='lat' dir='ltr'>mons,</span> <span class='ocrx_word' id='word_1_719' title='bbox 1145 2245 1179 2275; x_wconf 89' lang='lat' dir='ltr'>Il.</span> <span class='ocrx_word' id='word_1_720' title='bbox 1191 2251 1218 2281; x_wconf 85' lang='grc' dir='ltr'>β.</span> <span class='ocrx_word' id='word_1_721' title='bbox 1234 2244 1300 2275; x_wconf 87' lang='grc'><strong>866.</strong></span> 
     </span>
    </p>

    <p class='ocr_par' dir='ltr' id='par_1_49' title="bbox 898 2284 1586 2322">
     <span class='ocr_line' id='line_1_123' title="bbox 898 2284 1586 2322; baseline 0.004 -9"><span class='ocrx_word' id='word_1_722' title='bbox 898 2284 1062 2318; x_wconf 79' lang='lat' dir='ltr'>Trinacria,</span> <span class='ocrx_word' id='word_1_723' title='bbox 1074 2284 1151 2314; x_wconf 84' lang='lat' dir='ltr'>Solis</span> <span class='ocrx_word' id='word_1_724' title='bbox 1165 2284 1269 2319; x_wconf 87' lang='lat' dir='ltr'>insula,</span> <span class='ocrx_word' id='word_1_725' title='bbox 1283 2284 1339 2314; x_wconf 90' lang='lat' dir='ltr'>Od.</span> <span class='ocrx_word' id='word_1_726' title='bbox 1354 2294 1378 2315; x_wconf 72' lang='grc' dir='ltr'>λ.</span> <span class='ocrx_word' id='word_1_727' title='bbox 1396 2287 1458 2316; x_wconf 90' lang='grc'><strong>106.</strong></span> <span class='ocrx_word' id='word_1_728' title='bbox 1473 2300 1504 2322; x_wconf 83' lang='grc' dir='ltr'>μ.</span> <span class='ocrx_word' id='word_1_729' title='bbox 1523 2290 1586 2320; x_wconf 89' lang='grc'><strong>127.</strong></span> 
     </span>
    </p>

    <p class='ocr_par' dir='ltr' id='par_1_50' title="bbox 898 2323 1440 2363">
     <span class='ocr_line' id='line_1_124' title="bbox 898 2323 1440 2363; baseline 0.004 -11"><span class='ocrx_word' id='word_1_730' title='bbox 898 2323 1038 2363; x_wconf 86' lang='lat' dir='ltr'>Triopus,</span> <span class='ocrx_word' id='word_1_731' title='bbox 1054 2324 1083 2352; x_wconf 89' lang='lat' dir='ltr'>H</span> <span class='ocrx_word' id='word_1_732' title='bbox 1136 2334 1163 2352; x_wconf 92' lang='lat' dir='ltr'>n.</span> <span class='ocrx_word' id='word_1_733' title='bbox 1180 2328 1202 2352; x_wconf 91' lang='lat'>1.</span> <span class='ocrx_word' id='word_1_734' title='bbox 1218 2323 1247 2352; x_wconf 84' lang='lat' dir='ltr'>in</span> <span class='ocrx_word' id='word_1_735' title='bbox 1261 2323 1358 2363; x_wconf 88' lang='lat' dir='ltr'>Apoll.</span> <span class='ocrx_word' id='word_1_736' title='bbox 1373 2327 1440 2354; x_wconf 90' lang='grc'><strong>213.</strong></span> 
     </span>
    </p>

    <p class='ocr_par' dir='ltr' id='par_1_51' title="bbox 898 2362 1624 2401">
     <span class='ocr_line' id='line_1_125' title="bbox 898 2362 1624 2401; baseline 0.003 -10"><span class='ocrx_word' id='word_1_737' title='bbox 898 2362 998 2401; x_wconf 82' lang='lat' dir='ltr'>Trojae</span> <span class='ocrx_word' id='word_1_738' title='bbox 1008 2362 1074 2391; x_wconf 88' lang='lat' dir='ltr'>exci</span> <span class='ocrx_word' id='word_1_739' title='bbox 1097 2362 1154 2391; x_wconf 81' lang='lat' dir='ltr'>&#39;um</span> <span class='ocrx_word' id='word_1_740' title='bbox 1165 2372 1184 2391; x_wconf 90' lang='lat' dir='ltr'>a</span> <span class='ocrx_word' id='word_1_741' title='bbox 1198 2362 1367 2392; x_wconf 77' lang='lat' dir='ltr'>Demodoco</span> <span class='ocrx_word' id='word_1_742' title='bbox 1386 2367 1549 2399; x_wconf 86' lang='lat' dir='ltr'>cantatum,</span> <span class='ocrx_word' id='word_1_743' title='bbox 1569 2364 1624 2394; x_wconf 94' lang='lat' dir='ltr'>Od.</span> 
     </span>
    </p>

    <p class='ocr_par' dir='ltr' id='par_1_52' title="bbox 899 2440 1558 2479">
     <span class='ocr_line' id='line_1_126' title="bbox 899 2440 1558 2479; baseline 0.005 -10"><span class='ocrx_word' id='word_1_744' title='bbox 899 2440 1036 2479; x_wconf 82' lang='lat' dir='ltr'>Trojanae</span> <span class='ocrx_word' id='word_1_745' title='bbox 1051 2440 1199 2470; x_wconf 84' lang='lat' dir='ltr'>Minervae</span> <span class='ocrx_word' id='word_1_746' title='bbox 1212 2451 1247 2470; x_wconf 82' lang='lat' dir='ltr'>su</span> <span class='ocrx_word' id='word_1_747' title='bbox 1269 2441 1388 2479; x_wconf 81' lang='lat' dir='ltr'>plicant,</span> <span class='ocrx_word' id='word_1_748' title='bbox 1403 2441 1439 2470; x_wconf 93' lang='lat' dir='ltr'>Il.</span> <span class='ocrx_word' id='word_1_749' title='bbox 1453 2445 1477 2476; x_wconf 86' lang='grc' dir='ltr'>ζ.</span> <span class='ocrx_word' id='word_1_750' title='bbox 1492 2443 1558 2472; x_wconf 86' lang='grc'><strong>286.</strong></span> 
     </span>
    </p>

    <p class='ocr_par' dir='ltr' id='par_1_53' title="bbox 900 2451 1627 2547">
     <span class='ocr_line' id='line_1_127' title="bbox 900 2451 1627 2547; baseline 0.003 -39"><span class='ocrx_word' id='word_1_751' title='bbox 900 2479 1023 2547; x_wconf 55' lang='grc' dir='ltr'>Τιὲἐῗιί</span> <span class='ocrx_word' id='word_1_752' title='bbox 1038 2484 1069 2509; x_wconf 86' lang='lat' dir='ltr'>et</span> <span class='ocrx_word' id='word_1_753' title='bbox 1082 2480 1178 2509; x_wconf 85' lang='lat' dir='ltr'>Graeci</span> <span class='ocrx_word' id='word_1_754' title='bbox 1201 2451 1294 2509; x_wconf 54' lang='lat' dir='ltr'>foefus</span> <span class='ocrx_word' id='word_1_755' title='bbox 1315 2480 1514 2519; x_wconf 81' lang='lat' dir='ltr'>paciscuntur,</span> <span class='ocrx_word' id='word_1_756' title='bbox 1540 2481 1576 2511; x_wconf 91' lang='lat'>11.</span> <span class='ocrx_word' id='word_1_757' title='bbox 1599 2496 1627 2517; x_wconf 65' lang='lat' dir='ltr'>y.</span> 
     </span>
    </p>

    <p class='ocr_par' dir='ltr' id='par_1_54' title="bbox 901 2557 1626 2675">
     <span class='ocr_line' id='line_1_128' title="bbox 901 2557 1626 2596; baseline 0.006 -11"><span class='ocrx_word' id='word_1_758' title='bbox 901 2557 1022 2596; x_wconf 86' lang='lat' dir='ltr'>Trojani</span> <span class='ocrx_word' id='word_1_759' title='bbox 1035 2557 1205 2587; x_wconf 69' lang='lat' dir='ltr'>Graecorum</span> <span class='ocrx_word' id='word_1_760' title='bbox 1219 2568 1331 2587; x_wconf 85' lang='lat' dir='ltr'>murum</span> <span class='ocrx_word' id='word_1_761' title='bbox 1345 2558 1525 2593; x_wconf 81' lang='lat' dir='ltr'>adoriuntur,</span> <span class='ocrx_word' id='word_1_762' title='bbox 1549 2559 1581 2589; x_wconf 87' lang='lat' dir='ltr'>ll.</span> <span class='ocrx_word' id='word_1_763' title='bbox 1596 2574 1626 2596; x_wconf 87' lang='grc' dir='ltr'>μ..</span> 
     </span>
     <span class='ocr_line' id='line_1_129' title="bbox 941 2595 1626 2641; baseline 0.004 -16"><span class='ocrx_word' id='word_1_764' title='bbox 941 2599 985 2625; x_wconf 86' lang='grc'>80.</span> <span class='ocrx_word' id='word_1_765' title='bbox 1006 2595 1135 2636; x_wconf 79' lang='lat' dir='ltr'>fugiunt,</span> <span class='ocrx_word' id='word_1_766' title='bbox 1160 2603 1181 2632; x_wconf 83' lang='grc' dir='ltr'>ξ.</span> <span class='ocrx_word' id='word_1_767' title='bbox 1209 2598 1272 2626; x_wconf 88' lang='lat'><strong>506.</strong></span> <span class='ocrx_word' id='word_1_768' title='bbox 1296 2607 1431 2641; x_wconf 80' lang='lat' dir='ltr'>mag-nam</span> <span class='ocrx_word' id='word_1_769' title='bbox 1453 2597 1560 2627; x_wconf 81' lang='lat' dir='ltr'>caedem</span> <span class='ocrx_word' id='word_1_770' title='bbox 1582 2598 1626 2628; x_wconf 82' lang='lat' dir='ltr'>sa-</span> 
     </span>
     <span class='ocr_line' id='line_1_130' title="bbox 939 2635 1538 2675; baseline 0.005 -12"><span class='ocrx_word' id='word_1_771' title='bbox 939 2635 1031 2668; x_wconf 88' lang='lat' dir='ltr'>ciunt,</span> <span class='ocrx_word' id='word_1_772' title='bbox 1045 2649 1068 2664; x_wconf 80' lang='lat'>0.</span> <span class='ocrx_word' id='word_1_773' title='bbox 1082 2639 1146 2668; x_wconf 85' lang='grc'><strong>327,</strong></span> <span class='ocrx_word' id='word_1_774' title='bbox 1161 2635 1266 2675; x_wconf 86' lang='lat' dir='ltr'>fugant</span> <span class='ocrx_word' id='word_1_775' title='bbox 1280 2636 1424 2670; x_wconf 73' lang='lat' dir='ltr'>Achivos,</span> <span class='ocrx_word' id='word_1_776' title='bbox 1439 2651 1460 2674; x_wconf 63' lang='lat' dir='ltr'>g.</span> <span class='ocrx_word' id='word_1_777' title='bbox 1475 2641 1538 2668; x_wconf 83' lang='lat'><strong>595.</strong></span> 
     </span>
    </p>

    <p class='ocr_par' dir='ltr' id='par_1_55' title="bbox 901 2673 1630 2748">
     <span class='ocr_line' id='line_1_131' title="bbox 901 2673 1630 2715; baseline 0.003 -12"><span class='ocrx_word' id='word_1_778' title='bbox 901 2673 1097 2713; x_wconf 79' lang='lat' dir='ltr'>Trojanorum</span> <span class='ocrx_word' id='word_1_779' title='bbox 1110 2679 1142 2703; x_wconf 92' lang='lat' dir='ltr'>et</span> <span class='ocrx_word' id='word_1_780' title='bbox 1161 2675 1331 2704; x_wconf 79' lang='lat' dir='ltr'>Graeoorum</span> <span class='ocrx_word' id='word_1_781' title='bbox 1352 2674 1484 2704; x_wconf 79' lang='lat' dir='ltr'>incessus</span> <span class='ocrx_word' id='word_1_782' title='bbox 1504 2676 1532 2704; x_wconf 88' lang='lat' dir='ltr'>in</span> <span class='ocrx_word' id='word_1_783' title='bbox 1554 2686 1630 2715; x_wconf 77' lang='lat' dir='ltr'>pra:-</span> 
     </span>
     <span class='ocr_line' id='line_1_132' title="bbox 942 2712 1545 2748; baseline 0.002 -6"><span class='ocrx_word' id='word_1_784' title='bbox 942 2712 1012 2742; x_wconf 89' lang='lat' dir='ltr'>lium</span> <span class='ocrx_word' id='word_1_785' title='bbox 1028 2712 1063 2742; x_wconf 84' lang='lat'>11.</span> <span class='ocrx_word' id='word_1_786' title='bbox 1078 2727 1105 2748; x_wconf 65' lang='lat' dir='ltr'>y.</span> <span class='ocrx_word' id='word_1_787' title='bbox 1123 2717 1145 2742; x_wconf 92' lang='lat'>1.</span> <span class='ocrx_word' id='word_1_788' title='bbox 1160 2713 1325 2747; x_wconf 80' lang='lat' dir='ltr'>conflictus,</span> <span class='ocrx_word' id='word_1_789' title='bbox 1340 2717 1361 2742; x_wconf 78' lang='grc' dir='ltr'>δ.</span> <span class='ocrx_word' id='word_1_790' title='bbox 1379 2717 1442 2743; x_wconf 75' lang='lat'><strong>448.</strong></span> <span class='ocrx_word' id='word_1_791' title='bbox 1458 2723 1480 2743; x_wconf 80' lang='grc' dir='ltr'>λ.</span> <span class='ocrx_word' id='word_1_792' title='bbox 1499 2718 1545 2747; x_wconf 92' lang='grc'>70.</span> 
     </span>
    </p>
   </div>
   <div class='ocr_carea' id='block_1_12' title="bbox 835 2751 1635 2792">
    <p class='ocr_par' dir='ltr' id='par_1_56' title="bbox 835 2751 1635 2792">
     <span class='ocr_line' id='line_1_133' title="bbox 835 2751 1635 2792; baseline 0.004 -11"><span class='ocrx_word' id='word_1_793' title='bbox 835 2766 855 2781; x_wconf 83' lang='grc' dir='ltr'>ν.</span> <span class='ocrx_word' id='word_1_794' title='bbox 905 2751 1097 2792; x_wconf 84' lang='lat' dir='ltr'>Trojanorum</span> <span class='ocrx_word' id='word_1_795' title='bbox 1110 2752 1218 2786; x_wconf 79' lang='lat' dir='ltr'>caedes,</span> <span class='ocrx_word' id='word_1_796' title='bbox 1233 2751 1271 2781; x_wconf 89' lang='lat' dir='ltr'>ll.</span> <span class='ocrx_word' id='word_1_797' title='bbox 1287 2757 1309 2786; x_wconf 79' lang='grc' dir='ltr'>ζ.</span> <span class='ocrx_word' id='word_1_798' title='bbox 1325 2754 1352 2781; x_wconf 89' lang='grc'>6.</span> <span class='ocrx_word' id='word_1_799' title='bbox 1373 2752 1506 2781; x_wconf 86' lang='lat' dir='ltr'>excubiae</span> <span class='ocrx_word' id='word_1_800' title='bbox 1522 2758 1554 2782; x_wconf 66' lang='grc' dir='ltr'>θ.</span> <span class='ocrx_word' id='word_1_801' title='bbox 1569 2758 1635 2785; x_wconf 61' lang='grc'>550</span> 
     </span>
    </p>
   </div>
   <div class='ocr_carea' id='block_1_13' title="bbox 907 2791 1636 3021">
    <p class='ocr_par' dir='ltr' id='par_1_57' title="bbox 907 2791 1636 3021">
     <span class='ocr_line' id='line_1_134' title="bbox 943 2791 1633 2831; baseline 0.003 -11"><span class='ocrx_word' id='word_1_802' title='bbox 943 2791 1045 2820; x_wconf 86' lang='lat' dir='ltr'>concio</span> <span class='ocrx_word' id='word_1_803' title='bbox 1056 2804 1081 2820; x_wconf 78' lang='lat' dir='ltr'>r.</span> <span class='ocrx_word' id='word_1_804' title='bbox 1095 2795 1162 2823; x_wconf 85' lang='lat'><strong>247.</strong></span> <span class='ocrx_word' id='word_1_805' title='bbox 1176 2801 1274 2831; x_wconf 80' lang='lat' dir='ltr'>pugna</span> <span class='ocrx_word' id='word_1_806' title='bbox 1288 2791 1324 2820; x_wconf 87' lang='lat' dir='ltr'>ad</span> <span class='ocrx_word' id='word_1_807' title='bbox 1339 2801 1429 2820; x_wconf 81' lang='lat' dir='ltr'>naves</span> <span class='ocrx_word' id='word_1_808' title='bbox 1449 2792 1590 2822; x_wconf 87' lang='lat' dir='ltr'>acerrima</span> <span class='ocrx_word' id='word_1_809' title='bbox 1613 2807 1633 2823; x_wconf 83' lang='lat'>0.</span> 
     </span>
     <span class='ocr_line' id='line_1_135' title="bbox 907 2831 1551 2936; baseline 0.003 -39"><span class='ocrx_word' id='word_1_810' title='bbox 907 2831 1038 2907; x_wconf 50' lang='lat' dir='ltr'>Tyiiigks</span> <span class='ocrx_word' id='word_1_811' title='bbox 1053 2868 1081 2897; x_wconf 75' lang='lat' dir='ltr'>in</span> <span class='ocrx_word' id='word_1_812' title='bbox 1095 2878 1171 2936; x_wconf 53' lang='grc' dir='ltr'><strong>..3υο</strong></span> <span class='ocrx_word' id='word_1_813' title='bbox 1184 2868 1325 2907; x_wconf 78' lang='lat' dir='ltr'>Trojano,</span> <span class='ocrx_word' id='word_1_814' title='bbox 1340 2868 1396 2897; x_wconf 76' lang='lat' dir='ltr'>od.</span> <span class='ocrx_word' id='word_1_815' title='bbox 1412 2872 1435 2898; x_wconf 64' lang='grc' dir='ltr'>δ.</span> <span class='ocrx_word' id='word_1_816' title='bbox 1447 2872 1513 2899; x_wconf 72' lang='lat'><strong>280.</strong></span> <span class='ocrx_word' id='word_1_817' title='bbox 1545 2908 1551 2914; x_wconf 30' lang='lat'><strong>¹</strong></span> 
     </span>
     <span class='ocr_line' id='line_1_136' title="bbox 908 2907 1636 2947; baseline 0.005 -12"><span class='ocrx_word' id='word_1_818' title='bbox 908 2907 1052 2946; x_wconf 87' lang='lat' dir='ltr'>Typhaon</span> <span class='ocrx_word' id='word_1_819' title='bbox 1067 2917 1103 2936; x_wconf 87' lang='lat' dir='ltr'>ex</span> <span class='ocrx_word' id='word_1_820' title='bbox 1138 2917 1232 2936; x_wconf 86' lang='lat' dir='ltr'>unone</span> <span class='ocrx_word' id='word_1_821' title='bbox 1254 2911 1348 2942; x_wconf 80' lang='lat' dir='ltr'>ortus,</span> <span class='ocrx_word' id='word_1_822' title='bbox 1367 2907 1475 2947; x_wconf 79' lang='lat' dir='ltr'>Hymn.</span> <span class='ocrx_word' id='word_1_823' title='bbox 1495 2912 1520 2937; x_wconf 88' lang='lat'>1.</span> <span class='ocrx_word' id='word_1_824' title='bbox 1545 2919 1573 2938; x_wconf 78' lang='lat' dir='ltr'>in</span> <span class='ocrx_word' id='word_1_825' title='bbox 1594 2910 1636 2939; x_wconf 75' lang='lat' dir='ltr'>A.</span> 
     </span>
     <span class='ocr_line' id='line_1_137' title="bbox 915 2946 1317 3021; baseline 0.005 -9"><span class='ocrx_word' id='word_1_826' title='bbox 915 2946 1198 3021; x_wconf 52' lang='lat' dir='ltr'><strong>Tszssissssffiffffzz.</strong></span> <span class='ocrx_word' id='word_1_827' title='bbox 1213 2993 1237 3014; x_wconf 56' lang='grc' dir='ltr'>λ.</span> <span class='ocrx_word' id='word_1_828' title='bbox 1252 2987 1317 3014; x_wconf 65' lang='lat'><strong>2³..</strong></span> 
     </span>
    </p>
   </div>
  </div>
 </body>
</html>
