1856 3235
205 218 298 256 154·
688 205 1248 257 PROLEGOMENA.

206 339 324 385 sima
347 336 408 384 ad
431 352 519 384 nos
543 338 838 402 exemplaria
860 340 1103 397 venerint,
1140 356 1239 386 non
1264 339 1470 402 reperio,
1507 356 1593 387 cur
1615 340 1699 388 bis·

206 411 344 451 tanto
368 403 527 450 minus
551 420 693 466 quam
709 404 802 452 illis
827 405 1171 452 confidendum
1197 406 1272 452 sit.
1345 405 1559 452 Accedit
1579 405 1696 464 buc,

208 468 342 541 quod
383 468 678 516 Criticorum
729 468 1194 527 Alexandrinorum,
1229 471 1310 533 qui
1347 471 1578 532 deinceps
1613 487 1696 517 ex-

208 533 456 591 stiterunt,
475 550 622 597 opera
647 535 875 597 contigit
906 543 960 581 ut
983 552 1070 582 nos
1094 535 1225 582 haud
1250 536 1394 583 dubie
1426 535 1712 609 Homerum!

208 598 374 647 multis
396 598 516 646 locis
551 600 732 647 rectius
773 600 1007 662 scriptum
1044 600 1279 663 legamuS,
1317 618 1460 663 quam
1497 601 1566 647 illi
1606 600 1702 663 ipsi

208 664 374 728 legere
399 673 611 728 possent.
682 664 947 728 Denique
936 681 985 711 111
1019 665 1076 711 iis
1115 667 1448 728 scriptoribus,
1487 667 1568 729 qui
1597 666 1700 712 Ho-

211 731 330 778 meri
354 746 520 777 veisus
546 739 815 793 apponunt,
858 730 1110 793 paucioies
1135 748 1266 788 sane,
1293 748 1435 794 quam
1468 748 1573 794 qnis
1598 748 1703 794 spe-

211 804 306 853 ret,
345 796 647 842 diversitates
684 795 909 843 lectionis
950 804 1080 853 sunt,
1117 813 1226 859 quae
1263 796 1459 859 quidem
1500 796 1704 860 alicujus

214 861 453 909 momenti
477 861 589 918 sint,
609 877 701 908 nec
725 861 873 907 infida
895 863 1126 909 memoria
1149 863 1348 919 vitiatae,
1381 878 1498 924 quas
1522 877 1620 908 non
1645 877 1708 909 ex

212 927 316 974 istis
342 926 595 975 codicibus
610 943 750 989 paene
767 927 958 974 easdem
979 928 1282 990 recipiamus.
1353 927 1556 974 Novitas
1576 927 1707 973 enim

216 993 443 1041 codicum
462 1009 562 1039 non
584 1009 736 1055 majus
761 993 931 1039 vitium
957 1002 1047 1049 est,
1073 1009 1215 1056 quam
1250 993 1502 1039 hominum
1527 992 1711 1039 adoles-

217 1058 401 1131 centia:
441 1057 586 1104 etiarn
610 1057 691 1104 hic
733 1074 830 1104 non
867 1075 1054 1121 semper
1079 1068 1194 1105 aetas
1227 1059 1510 1121 sapientiam
1546 1057 1709 1116 affert;

214 1132 272 1171 ut
296 1123 501 1187 quisque
526 1122 781 1185 antiquum
819 1132 868 1170 et
899 1124 1082 1170 bonum
1120 1132 1369 1170 auctorem
1405 1125 1529 1171 bene
1555 1122 1710 1186 sequi-

217 1196 317 1245 tur,
341 1189 409 1235 ita
442 1189 581 1235 testis
625 1196 698 1234 est
736 1190 909 1234 bonus.
980 1189 1084 1235 Etsi
1122 1189 1271 1250 igitur
1310 1188 1613 1235 scholiorum
1659 1195 1711 1236 et

219 1253 578 1300 Glossariorum
625 1254 873 1315 apparatui
923 1253 1170 1316 aliquanto
1216 1253 1324 1315 plus
1379 1270 1522 1315 quam
1568 1253 1712 1304 nudis

219 1318 513 1365 membranis
533 1318 718 1376 tribu03
758 1318 976 1381 pluribus
1005 1328 1165 1366 tamen
1197 1319 1431 1381 exemplis
1455 1335 1583 1382 saepe
1606 1335 1713 1381 per-

218 1384 378 1447 spexi,
401 1383 508 1430 haec
530 1384 757 1430 Carmina
776 1400 872 1431 non
898 1384 990 1430 nisi
1016 1385 1232 1447 utrisque
1259 1384 1533 1447 conjunctis
1561 1384 1714 1448 copiis

221 1449 284 1496 ad
304 1466 408 1495 eam
434 1449 722 1512 scripturam
746 1450 962 1497 revocari
986 1467 1143 1513 posse,
1181 1466 1288 1513 quae
1313 1466 1472 1512 neque
1507 1450 1622 1512 ipsis
1653 1449 1716 1496 sit

221 1514 444 1578 indigna,
468 1531 560 1561 nec
585 1532 612 1561 a
637 1515 796 1562 doctae
820 1515 1119 1578 antiquitatis
1142 1515 1400 1578 praeceptis
1436 1514 1714 1562 abhorrens.

224 1579 291 1627 Et
314 1579 408 1628 hoc
433 1580 484 1626 in
507 1579 618 1627 loco
641 1580 710 1626 ita
732 1581 870 1627 nobis
895 1581 1304 1643 acquiescendum
1329 1580 1438 1638 erit,
1471 1587 1544 1637 ut,
1568 1581 1606 1626 si
1630 1596 1718 1642 pu-

224 1661 334 1691 rum
366 1653 538 1707 putum
580 1644 709 1692 ἁοιδόν
750 1662 1036 1708 quaeramus,
1074 1663 1168 1693 nec
1218 1646 1348 1705 idern
1383 1645 1538 1702 nobiS,
1585 1645 1718 1708 quod

227 1709 510 1766 Plutarcho,
539 1710 763 1773 Longino
787 1711 862 1757 vel
884 1712 1075 1769 Proclo,
1096 1712 1208 1758 satis
1229 1727 1330 1757 esse
1354 1719 1598 1774 putemus,
1634 1717 1719 1757 aut

228 1774 291 1822 ad
315 1775 477 1822 inania
500 1784 626 1831 vota,
663 1785 746 1822 aut
784 1776 843 1822 ad
878 1777 1157 1824 effrenatam
1194 1777 1441 1823 divinandi
1465 1775 1717 1824 libidinem

229 1856 305 1887 res
329 1840 545 1887 reditura
569 1857 672 1888 esse
696 1841 944 1891 videatur..

933 2039 1032 2086 III.

299 2166 511 2230 Abjecta
535 2185 652 2232 ergo
677 2186 780 2242 spe,
804 2168 908 2217 fore
931 2186 1166 2234 unquam,
1200 2177 1256 2217 ut
1297 2170 1390 2217 Cal
1393 2185 1576 2216 minum
1617 2168 1720 2216 Ho-

232 2233 526 2280 mericomm
552 2252 662 2298 quae
686 2235 908 2298 primitus
943 2234 1094 2283 fueiit
1133 2235 1304 2292 forma,
1346 2235 1457 2282 alibi
1494 2251 1635 2298 quam
1670 2235 1722 2281 in

234 2308 399 2345 mente
425 2308 606 2357 nostra,
632 2309 681 2347 et
704 2300 754 2347 id
780 2301 975 2364 quidem
1000 2302 1200 2349 ludibus
1224 2301 1382 2357 lineis,
1406 2301 1522 2363 fingi
1559 2307 1723 2363 queat,

235 2364 588 2438 experiendum
614 2366 1030 2441 videbatu1,quo
1049 2384 1136 2414 nos
1167 2367 1215 2413 in
1241 2366 1543 2440 expoliendis
1566 2366 1639 2412 his
1663 2381 1724 2412 ae-

234 2429 386 2476 ternis
411 2438 459 2477 et
484 2431 639 2478 unicis
659 2431 860 2479 Graeci
849 2433 1033 2496 ingenii
1057 2433 1270 2496 reliquiis
1294 2432 1498 2495 vestigia
1520 2430 1726 2493 antiqui-

235 2495 349 2541 tatis
375 2495 628 2544 ducerent.
700 2498 860 2553 Quam
886 2516 1052 2546 curam
1084 2516 1233 2562 quum
1259 2499 1384 2545 inte1
1420 2505 1493 2544 tot
1519 2496 1724 2552 diversa,

237 2575 347 2622 quae
366 2561 535 2608 melior
560 2579 640 2610 eal
644 2580 723 2610 um
752 2563 1010 2611 illustratio
1026 2565 1201 2627 poscit,
1219 2564 1421 2626 plimam
1441 2571 1491 2610 et
1514 2561 1725 2609 maxime

236 2627 556 2674 necessariam
591 2645 694 2676 esse
731 2646 998 2687 censerem,
1036 2630 1127 2679 hac
1168 2629 1382 2677 editione
1414 2628 1476 2675 ad
1516 2643 1621 2674 eam
1657 2626 1726 2674 ita

237 2691 453 2738 animum
477 2694 707 2756 applicui,
729 2702 783 2741 ut
807 2712 955 2743 accm
957 2705 1080 2743 at101
1083 2713 1121 2743 1s
1140 2695 1455 2752 recensionis,
1475 2692 1614 2756 cujus
1628 2708 1728 2739 mo-

239 2756 356 2804 durn
382 2774 525 2821 supra
561 2759 828 2833 designavi,
869 2762 1116 2824 specimen
1155 2762 1335 2808 darem.
1405 2760 1466 2807 Id
1508 2758 1728 2806 Homero

237 2823 457 2873 nondum
484 2826 765 2888 contigisse,
802 2826 930 2874 intel
966 2827 1180 2875 eruditos
1219 2834 1427 2874 constat.
1495 2825 1622 2872 Nam
1658 2823 1730 2870 in-

237 2896 622 2940 strument01um
665 2891 845 2941 idoneo
882 2909 1087 2941 numero
1128 2902 1349 2942 carentes
1387 2891 1595 2941 antehac
1631 2888 1732 2938 edi.-

1018 2959 1039 2986 3
