1856 3235
270 219 363 256 304
715 210 1270 260 PROLEGOMENA.

269 339 433 402 spicue
466 347 747 388 numeretur
768 343 818 388 in
855 344 1066 390 οὶὸετοῦσι.
1135 341 1324 398 Quodsi
1342 341 1381 388 is
1404 341 1532 389 idem
1547 342 1657 401 fuit,
1680 352 1735 392 ut

267 404 494 467 suspicor,
521 406 602 468 qui
623 405 786 454 locum
820 407 955 454 illum
979 408 1175 470 συνέτεμε,
1202 407 1392 471 rejectis
1417 423 1500 453 sex
1523 408 1737 457 versibus

269 470 339 516 ita
361 469 569 517 scribere
593 471 760 528 voluit,
787 480 842 520 ut
869 476 990 536 Χεῖρα
1013 473 1071 525 ἐῆν
1108 473 1252 519 finem
1289 473 1472 520 faceret
1508 473 1735 520 orationis

269 534 472 598 UlyssiS‚
499 536 638 599 eique
662 538 821 584 versui
844 538 1158 600 subjungeret
1182 537 1301 584 duos
1319 540 1322 543 ⁴
1341 537 1462 594 illos,
1491 537 1590 590 ‘¹529
1613 538 1737 596 ἕῳ.-

270 603 401 663 σιωπῇ
424 608 473 647 et
515 602 603 655 Δὴν
643 603 675 648 δ’
717 603 881 664 ἄνεῳ-
915 603 1121 661 Ἀχαιῶν,
1165 602 1326 650 deleto
1367 619 1438 658 eo,
1478 602 1560 665 qui
1589 603 1736 666 vulgo

271 665 345 712 his
385 666 698 729 interpositus
737 675 823 722 est,
866 684 893 713 a
917 683 993 713 me
1016 667 1156 713 uncis
1196 666 1424 714 inclusus.
1495 668 1619 714 Nam
1655 667 1736 715 hic

271 730 388 776 mihi
425 748 611 794 semper
651 732 926 794 importune
972 732 1205 794 repetitus
1258 731 1525 788 videbatur,
1590 749 1738 795 quum

272 796 552 858 superiores,
578 796 695 844 licet
719 806 768 844 et
791 798 917 860 ipsos
941 797 1184 853 molestOS,
1208 804 1404 860 propter
1428 797 1739 845 commodita-

269 867 370 907 tem
408 862 755 909 sententiarum
796 862 1021 910 ferendos
1046 878 1303 910 censerem.
1373 861 1627 910 Difficilior
1649 862 1742 909 erit

272 925 490 973 defensio
514 927 729 974 audaciae
753 935 929 975 nostrae
952 927 998 974 h.
1036 944 1077 975 e.
1115 927 1440 975 Aristarcheae
1473 928 1524 973 In
1557 925 1621 990 μ’.
1651 933 1741 978 175

270 999 447 1037 -181,
474 999 642 1038 contra
666 993 819 1049 Pium,
847 993 928 1055 qui
952 992 1182 1039 nonnulla
1205 994 1329 1040 bene
1346 991 1559 1056 opponit,
1584 1008 1743 1055 neque

273 1064 437 1104 tamen
477 1056 529 1102 id
564 1056 724 1113 efficit,
752 1066 808 1104 ut
829 1058 932 1105 istis
972 1058 1186 1105 versibus
1208 1057 1315 1120 plus
1349 1057 1462 1104 fidei
1484 1057 1744 1105 habeamus

272 1137 416 1183 quam
441 1120 673 1168 similibus
697 1122 789 1169 illis
813 1122 862 1168 6'.
889 1129 996 1169 356.
1023 1139 1123 1186 sqq.
1141 1129 1156 1147 ³
1249 1122 1375 1170 Aliae
1398 1123 1612 1179 οὶθξτῇσεις
1636 1122 1741 1186 ejus

271 1185 529 1232 traduntur
569 1203 796 1233 versuum
831 1186 880 1233 δ’.
922 1194 1026 1238 117.
1063 1187 1112 1242 ξ’.
1155 1196 1263 1234 500.
1307 1187 1350 1234 o'.
1387 1193 1658 1234 449—451.
1696 1194 1746 1235 et

274 1257 383 1300 712.
409 1250 457 1296 σ’.
482 1259 754 1298 444—456.
780 1252 837 1299 ω’.
865 1259 970 1299 556.
1006 1259 1116 1303 557.
1187 1253 1413 1316 Denique
1438 1251 1649 1300 notabile
1671 1259 1747 1314 ‘est

275 1315 327 1361 in
351 1315 532 1378 primis,
561 1317 691 1379 quod
712 1318 944 1366 mirantur
963 1317 1282 1366 Grammatici
1307 1318 1368 1365 ad
1389 1317 1436 1382 ξ’.
1466 1324 1522 1368 17
1528 1326 1588 1373 2.,
1614 1317 1748 1366 hunc

273 1397 463 1428 Versum
489 1383 548 1429 ab
582 1382 665 1429 illo
690 1383 791 1430 sine
812 1390 926 1430 nota
948 1384 1276 1430 transmissum
1300 1400 1418 1439 esse,
1445 1399 1593 1446 quum
1617 1383 1745 1440 talia,

275 1462 382 1509 quae
426 1447 523 1494 vim
564 1449 818 1495 sententiae
858 1448 1133 1495 minuerent
1187 1448 1540 1512 restringendo,
1599 1447 1749 1496 obelis

273 1513 463 1574 signare
486 1512 834 1561 consuevissetb.
873 1514 985 1569 Quo
1009 1530 1107 1561 uno
1132 1531 1192 1561 ex
1215 1514 1323 1561 loco
1347 1514 1458 1561 satis
1482 1520 1748 1576 appareret,

275 1577 462 1624 etiamsi
482 1579 645 1626 caeteri
658 1595 824 1627 omnes
840 1579 1078 1635 deessent,
1102 1579 1438 1627 Aristarchum
1451 1578 1605 1625 multo
1611 1577 1751 1641 plura

274 1644 497 1700 ἀθετῆσαι,
525 1660 668 1706 quam
694 1644 867 1707 quibus
886 1661 1063 1691 nomen
1090 1644 1191 1707 ejus
1210 1645 1480 1707 appositum
1501 1650 1587 1690 est.
1657 1643 1748 1691 At-

277 1724 371 1771 que
396 1708 444 1754 in
472 1708 693 1772 Odyssea
717 1710 913 1772 quidem
937 1726 1035 1757 non
1070 1710 1267 1756 memini
1292 1709 1381 1756 nisi
1406 1709 1548 1756 unius
1565 1723 1745 1764 versus,

275 1774 333 1820 ab
359 1790 416 1820 eo
434 1775 719 1821 nominatim
756 1776 1003 1837 οὲῧετεμὲνε,
1025 1774 1085 1838 β’.
1117 1781 1232 1830 137.,
1254 1791 1396 1837 quem
1435 1781 1566 1821 certe
1586 1773 1750 1821 durior

276 1837 451 1902 ellipsis
488 1840 619 1887 verbi
644 1840 930 1887 substantivi
962 1857 1129 1903 parum
1161 1839 1406 1887 defendat.
1468 1838 1590 1887 Haec
1620 1838 1748 1886 enim

274 1903 379 1967 ipsa
401 1904 787 1968 interpolationis
812 1922 956 1952 causa
980 1922 1082 1953 esse
1117 1905 1290 1968 potuit,
1320 1913 1372 1952 ut
1396 1904 1454 1952 11.
1475 1903 1522 1958 η’.
1560 1912 1669 1951 353.
1710 1903 1748 1949 ι’.

275 1976 385 2016 416.
413 1978 462 2017 et
476 1970 524 2016 in
542 1970 643 2017 aliis
667 1971 896 2018 versibus.
957 1971 1198 2018 Caeterum
1219 1971 1363 2017 etiam
1380 1968 1571 2017 obelum
1588 1968 1751 2033 posuit

277 2051 389 2082 cum
414 2036 641 2083 asterisco
673 2036 1009 2099 conjunctum,
1046 2036 1291 2099 duplicata
1314 2042 1429 2082 nota
1456 2034 1749 2098 significans,

275 2117 362 2148 suo
387 2101 582 2165 quidem
601 2101 710 2150 loco
735 2102 985 2165 egregium
1001 2118 1192 2148 versum
1218 2117 1338 2158 esse,
1358 2100 1442 2147 sed
1462 2100 1618 2147 alieno
1639 2099 1749 2146 loco

274 2166 433 2214 minus
474 2175 608 2216 recte
649 2168 923 2230 repetitum.
995 2167 1154 2223 Quam
1196 2168 1256 2213 ob
1277 2182 1467 2213 causam
1490 2165 1662 2228 partim
1689 2171 1749 2216 27

275 2248 439 2279 versus
479 2232 533 2279 α’.
572 2239 680 2280 366.
709 2249 808 2295 sqq.
834 2249 920 2296 pro
959 2231 1261 2295 interpolatis
1299 2231 1450 2278 habiti
1475 2237 1603 2287 sunt3
1645 2245 1752 2293 per-

273 2313 436 2360 peram
464 2314 576 2345 sane
613 2297 694 2353 illi,
738 2306 791 2344 ut
825 2298 904 2344 alii
928 2297 1067 2344 multi
1109 2296 1324 2361 ejusdem
1364 2304 1507 2343 notae.
1576 2295 1750 2358 Neque

273 2370 437 2410 tamen
476 2364 677 2410 dubium
718 2371 805 2419 est,
832 2363 947 2426 quin
979 2362 1241 2410 similitudo
1282 2362 1499 2426 quaedam
1534 2360 1750 2408 locorum

275 2427 522 2476 interdum
539 2428 843 2476 occasionem
869 2428 1059 2476 dederit
1078 2429 1292 2476 versibus
1316 2429 1481 2490 inepte
1504 2425 1747 2474 iterandis.

277 2493 373 2541 Sed
425 2495 484 2541 de
528 2494 601 2541 his
647 2494 846 2557 aliisque
886 2494 1165 2558 diligentius
1210 2493 1462 2557 disputabo
1507 2492 1557 2538 in
1599 2490 1749 2538 altera

275 2568 411 2622 parte
446 2559 588 2624 hujus
625 2559 747 2616 libri,
787 2560 836 2606 in
874 2576 968 2622 qua
1005 2559 1118 2607 unci
1155 2558 1271 2606 mihi
1317 2558 1409 2606 mei
1449 2555 1746 2606 defendendi

276 2632 433 2673 erunt.

315 2768 335 2788 a
356 2757 439 2788 Vide
454 2767 548 2797 supra
563 2767 591 2797 p.
607 2759 679 2788 228.

314 2803 336 2833 l)
360 2801 503 2841 Μεμείωκε
520 2800 568 2835 τὴν
584 2800 712 2841 ἔμφασιν.
759 2801 814 2831 Καὶ
829 2801 869 2831 τὰ
885 2801 1006 2831 τοιαῦτα
1029 2799 1123 2831 εἴωθεν
1137 2799 1252 2830 ἀθετεῖν
1272 2797 1284 2828 ὅ
1300 2796 1500 2840 Ἀρίσταρχος.
