1856 3235
588 199 1149 252 PROLEGOMENA.
1527 207 1622 249 265

131 335 358 385 ἐνστατικοὶ
381 342 432 383 et
462 332 624 382 λυτικοὶ
645 344 662 361 ²
689 332 767 381 vel
789 348 946 380 mores
979 331 1286 379 heroicorum
1323 338 1615 396 temporum,

126 402 207 451 vel
243 400 644 450 consuetudinem
671 398 925 446 Homerici
949 397 1182 445 sermonis
1206 397 1257 444 in
1280 398 1559 446 universum
1580 407 1615 455 ¹³,

128 468 208 515 vel
231 467 409 514 rariora
432 472 482 514 et
496 466 555 514 ab
579 482 672 513 usu
686 463 995 513 abhorrentia
1017 463 1254 511 vocabula
1277 470 1327 510 et
1343 462 1616 513 locutiones

128 533 428 597 explicarent
445 544 477 578 0.

198 597 294 646 Sed
307 596 570 660 *plerosque
593 595 768 644 horum
789 595 1024 644 librorum
1048 596 1168 643 situs
1193 593 1378 642 dudum
1405 602 1456 642 et
1471 595 1617 643 tineae

129 670 502 726 occupaverant,
544 679 693 726 quum
725 661 1008 710 Scholiastae
1039 660 1195 709 nostri·
1243 661 1615 709 commentarios

129 745 239 777 suos
274 729 663 781 conscribebant.
733 728 868 785 Quin
913 728 1058 776 etiam
1092 725 1369 791 principum
1410 725 1616 774 Critico-

124 811 246 851 rum,
285 795 530 852 Zenodoti,
565 794 909 857 Aristophanis,
960 793 1245 850 Aristarchi,
1281 792 1492 848 Cratetis,
1543 808 1616 840 re-

127 861 382 910 censiones
422 867 473 909 et
507 859 934 924 interpretationes
971 859 1074 924 jam
1097 866 1204 906 tum
1244 874 1344 905 non
1386 864 1525 905 erant
1563 858 1615 904 in

126 926 384 975 doctorum
407 927 629 974 manibus
664 926 885 989 integrae.
956 925 1174 973 Tametsi
1197 940 1284 988 per
1314 923 1396 971 illa
1436 923 1614 971 saecula

125 999 382 1057 totumque
405 991 636 1049 medium,
664 992 796 1056 quod
818 999 1013 1049 vocant,
1040 1006 1198 1038 aevum
1216 990 1268 1036 in
1296 989 1456 1053 aliqua
1477 989 1615 1037 bibli-

125 1057 302 1106 otheca
339 1058 462 1107 liber
484 1058 647 1123 potuit
668 1059 980 1122 incorruptus
1018 1057 1186 1112 latere,
1213 1072 1359 1118 quem
1374 1055 1525 1119 vulgo
1561 1055 1611 1102 in

127 1123 390 1188 deperditis
413 1125 751 1183 numerabant,
775 1124 853 1172 vel
877 1125 929 1171 in
951 1122 1159 1171 frustula
1178 1122 1443 1170 dissectum
1478 1121 1610 1185 lege-

163 1265 184 1286 a
204 1256 289 1287 Vide
313 1257 448 1287 Wower.
470 1256 510 1288 de
533 1256 712 1297 Polymath.
734 1266 760 1287 c.
787 1259 835 1286 10.
880 1255 967 1286 Ions.
990 1254 1031 1285 de
1056 1254 1087 1284 S.
1104 1254 1148 1284 H.
1172 1254 1209 1284 P.
1233 1253 1283 1283 II.
1298 1263 1327 1293 p.
1343 1256 1415 1284 247.
1459 1252 1611 1283 Valcken.

121 1298 162 1329 de
179 1300 293 1330 Scholl.
314 1299 348 1329 in
365 1300 464 1330 Hom.
479 1299 605 1330 ineditis
626 1310 656 1339 p.
683 1303 751 1331 145.
777 1305 835 1329 etc.
877 1299 954 1329 Jam
979 1307 1073 1337 supra
1097 1297 1188 1326 attuli
1213 1296 1318 1326 locum
1346 1296 1610 1336 Porphyrianum,

122 1353 140 1372 e
156 1352 219 1383 quo
235 1349 371 1383 apparet,
394 1343 476 1373 hanc
490 1353 618 1373 omnem
634 1353 700 1373 rem
721 1342 806 1382 apud
828 1340 1061 1372 Alexandrinos
1075 1351 1094 1370 a
1108 1339 1371 1379 disputationibus
1393 1346 1426 1369 et
1449 1339 1612 1380 colloquiis

122 1386 260 1416 vitorum
275 1386 438 1417 doctorum
453 1386 624 1425 profectam
641 1396 714 1416 esse.
760 1385 823 1416 Illa
837 1395 912 1415 mox
927 1395 991 1415 una
1006 1393 1078 1414 cum
1104 1383 1312 1414 solutionibus
1336 1382 1444 1412 referri
1469 1382 1611 1413 solebant

120 1429 154 1459 in
177 1428 288 1464 literas
311 1429 527 1469 faciebantque
547 1429 636 1470 quasi
651 1428 804 1469 quosdam
830 1427 1081 1458 Commentarios
1103 1425 1252 1461 sodalicii,
1274 1425 1483 1465 inspiciendos
1506 1425 1612 1455 forsan

120 1471 310 1507 Ptolemaeis,
333 1482 406 1503 cum
421 1477 661 1513 concoquerent.
703 1473 812 1512 Atque
825 1470 866 1501 de
879 1471 928 1501 his
942 1470 1176 1501 commentariis
1198 1469 1325 1506 (Dubia
1350 1475 1456 1500 veaeata
1479 1470 1612 1500 Homeri

119 1514 204 1545 dicas
218 1515 333 1546 biblico
347 1515 512 1554 vocabulo)
535 1525 621 1546 nunc
635 1515 726 1554 plura
740 1514 830 1544 nobis
842 1515 1051 1544 innotuerunt
1073 1523 1111 1542 ex
1134 1512 1224 1542 novis
1243 1511 1382 1546 Sotionis,
1406 1511 1461 1542 sed
1487 1512 1612 1551 paucis-

118 1558 198 1588 sima
215 1558 368 1588 Zenodoti
382 1558 520 1597 Ephesii,
544 1564 580 1588 ut
594 1557 633 1588 ad
648 1563 687 1588 α’.
700 1561 750 1587 21.
772 1557 810 1594 β’.
828 1560 887 1593 12.,
910 1557 984 1598 (nisi
999 1555 1051 1586 hic
1063 1561 1109 1586 est
1122 1556 1227 1586 minor
1254 1554 1442 1589 Zenodotus,
1467 1555 1517 1584 cui
1537 1555 1609 1585 Sui-

117 1601 174 1633 das
191 1601 300 1635 Ἀΰσεις
313 1603 471 1643 Ὁμηρικῶν
486 1603 681 1643 ἀποεημάτων
694 1600 828 1640 tribuit,)
851 1599 946 1640 longe
960 1599 1097 1639 plurima
1117 1606 1223 1629 tamen
1237 1598 1305 1629 sine
1331 1597 1512 1628 nominibus
1534 1608 1608 1628 auc-

118 1650 232 1674 torum.
277 1644 320 1674 In
335 1644 382 1674 his
397 1645 495 1685 igitur
509 1643 659 1684 leguntur
673 1643 802 1674 fortasse
816 1643 971 1673 nonnulla
986 1652 1023 1673 ex
1045 1641 1190 1681 operibus
1204 1641 1300 1671 trium
1316 1641 1607 1680 Peripateticorum,

119 1685 300 1718 Heraclidis
314 1687 448 1723 Pontici,
475 1687 725 1722 Chamaeleontis,
749 1685 948 1727 Megaclidis‚
972 1692 1003 1715 et
1015 1684 1160 1715 aliorum.
1203 1684 1247 1715 Et
1263 1684 1465 1714 Chamaeleon
1480 1683 1609 1724 quidem

117 1735 164 1762 ter
178 1730 263 1761 laud.
283 1730 324 1761 ad
339 1731 379 1770 μ’.
393 1734 465 1762 951.
489 1731 536 1769 ψ’.
552 1734 602 1762 94.
617 1733 689 1761 454.
710 1740 749 1760 ex
763 1729 843 1760 libro
857 1730 920 1772 mg}
935 1727 1067 1763 Ἰλιάδος,
1091 1734 1127 1758 ut
1141 1728 1299 1767 suspicor;
1322 1726 1516 1767 Megaclides
1531 1738 1609 1768 qua-

116 1779 164 1804 ter
178 1784 216 1804 ex
232 1773 311 1804 libro
326 1775 388 1817 mg)
408 1774 538 1817 Ὁμήρου,
561 1774 601 1804 ad
625 1773 661 1804 κ’.
687 1776 758 1804 274.
781 1773 821 1804 π’.
848 1776 919 1803 140.
938 1772 984 1813 χ’.
1008 1775 1060 1802 36.
1086 1774 1158 1802 205.
1204 1771 1245 1801 In
1268 1770 1477 1801 celebeirimis
1501 1777 1609 1801 autem

118 1819 246 1852 λεκτικοῖς
261 1817 323 1848 fuit
337 1819 395 1848 sub
410 1816 584 1848 Ptolemaeo
599 1815 808 1856 Philadelpho
825 1815 965 1846 Sosibius
979 1815 1071 1850 Laco,
1095 1814 1136 1846 de
1150 1824 1214 1855 quo
1227 1813 1364 1853 lepidam
1379 1813 1520 1844 fabulam
1535 1824 1607 1844 nar-

118 1866 169 1891 rat
183 1861 300 1891 Athen.
315 1861 378 1891 XI.
393 1871 422 1899 p.
438 1864 509 1892 495.
533 1861 579 1897 F„
591 1860 678 1890 unde
697 1859 797 1890 semel
809 1865 1004 1890 memoratur
1018 1858 1194 1893 Eustathio,
1218 1857 1274 1888 sed
1287 1867 1444 1897 nusquam
1458 1857 1492 1887 in
1512 1857 1606 1888 Scho-

117 1903 177 1934 liis.
222 1904 325 1934 Docet
338 1904 393 1934 illa
407 1903 520 1939 fabula,
544 1914 639 1944 quam
657 1903 799 1934 curiosus
819 1902 947 1933 illarum
969 1911 1076 1933 rerum
1099 1901 1194 1932 fuerit
1217 1900 1453 1940 Philadelphus.
1500 1900 1608 1931 Notis-

118 1946 235 1977 simum
251 1954 298 1977 est
311 1947 413 1978 simile
424 1947 565 1977 studium
574 1946 693 1977 Tiberii
707 1957 725 1977 e
749 1946 835 1977 Suet.
849 1956 876 1976 c.
891 1948 944 1977 70.

159 1991 180 2020 b
202 1989 254 2020 De
269 1991 408 2021 moribus
420 1990 549 2031 quidem
570 1999 726 2030 perpauca
740 1990 853 2028 scripta
868 1993 1167 2026 commemorantur,
1187 1986 1246 2017 nisi
1268 1997 1305 2018 eo
1329 1986 1445 2018 referre
1468 1986 1543 2017 velis
1566 1988 1608 2019 er&

117 2033 181 2075 areg)
195 2034 247 2067 τῆς
262 2034 468 2076 καθ”Όμηρον
483 2035 627 2067 τακτικῆς
644 2043 691 2072 ap.
709 2032 827 2063 AElian.
842 2032 978 2063 Prooem.
992 2031 1081 2062 Tact.
1096 2031 1144 2061 vel
1162 2031 1203 2062 τὰ
1217 2031 1279 2074 περὶ
1301 2031 1473 2065 vicum-rm&
1499 2032 1551 2064 τῖς
1579 2045 1607 2061 κ.

110 2076 158 2106 “o.
181 2076 216 2106 in
235 2076 349 2107 Scholl.
369 2076 411 2107 ad
432 2081 471 2113 β’.
483 2079 556 2108 505.
577 2086 715 2117 quorum
739 2081 909 2111 auctorem,
931 2081 1018 2114 puto,
1041 2084 1143 2105 unum
1167 2073 1314 2104 novimus
1338 2084 1375 2104 ex
1401 2073 1507 2107 suida,
1532 2074 1608 2105 Pol-

118 2118 223 2155 leterii,
245 2119 367 2160 aliaque
381 2119 496 2150 similia
521 2119 747 2159 aphilosophis
771 2125 803 2150 et
825 2119 1000 2149 rhetoribus
1021 2123 1240 2148 commentata.
1284 2117 1336 2147 De
1360 2116 1457 2147 altero
1483 2127 1607 2157 genere,

115 2162 265 2192 orationis
282 2162 461 2194 Homericae
475 2162 720 2203 proprietatibus
743 2162 851 2202 paullo
872 2162 1055 2192 celebriores
1079 2167 1153 2192 sunt
1174 2160 1258 2197 libri,
1277 2166 1314 2191 ut
1336 2160 1503 2190 Ptolemaei
1529 2161 1608 2191 Pin-

116 2204 265 2240 darioniS,
288 2207 351 2248 περὶ
366 2207 418 2238 *τοῦ
428 2207 583 2248 Ὁμηρικοῦ
596 2207 794 2250 χαρακτῆρος,
819 2205 1000 2241 Aristonici,
1026 2205 1089 2247 περὶ
1103 2205 1158 2235 τὸν
1174 2206 1226 2238 τ’ᾖς
1240 2204 1295 2234 Ἰλ.
1311 2205 1364 2235 καὶ
1385 2202 1444 2234 ²03.
1460 2206 1608 2235 ἀσυντάκ-

118 2262 174 2280 των
189 2249 330 2288 anomia-m
344 2249 417 2280 libb.
434 2250 495 2280 VI.
510 2249 551 2280 de
565 2250 678 2291 quibus
697 2259 725 2278 v.
743 2249 831 2280 Suid.
859 2249 896 2280 T.
924 2249 952 2279 I.
976 2259 1006 2288 p.
1031 2252 1104 2279 526.
1128 2247 1200 2278 111.
1213 2258 1252 2286 ,μ
1268 2250 1339 2277 224.
1362 2253 1432 2277 tum
1449 2247 1605 2284 Basilidae,

116 2293 344 2335 περὶΌμπρικΞς
360 2293 458 2331 λέξεως
473 2303 522 2332 ap.
538 2293 643 2334 Etym.
659 2293 707 2323 M.
730 2303 763 2332 p.
787 2295 856 2323 142.
877 2298 910 2323 et
936 2290 1092 2323 Zenodoti
1117 2291 1149 2320 in
1176 2290 1292 2329 primis,
1316 2290 1380 2333 mg>
1407 2291 1458 2324 τῆς
1483 2291 1606 2333 Ὀμήρου

117 2336 265 2369 συνηθείας
289 2335 362 2366 libb.
379 2336 419 2366 X.
434 2335 518 2367 laud.
532 2337 565 2366 in
583 2335 698 2367 Scholl.
713 2335 753 2366 ad
768 2337 804 2367 σ’-
824 2338 897 2367 556.
919 2339 970 2366 22.
991 2338 1024 2377 ρ’.
1039 2338 1110 2366 265.
1155 2333 1303 2373 Aponon.
1328 2333 1405 2364 Lex.
1429 2344 1456 2363 v.
1479 2335 1606 2378 {daei-ga.

118 2378 182 2408 His
206 2379 292 2409 enim
307 2378 384 2409 locis
398 2378 467 2418 plus
481 2379 585 2410 tribuo
599 2389 695 2420 quam
717 2378 830 2414 Suidae‚
853 2379 969 2409 librum
989 2379 1048 2409 hoc
1070 2377 1164 2408 titulo
1177 2376 1218 2407 ad
1234 2376 1432 2407 Zenodotum
1448 2379 1605 2407 minorem

118 2420 273 2452 referenti.
329 2421 418 2452 Alios
439 2422 580 2461 ejusdem
605 2422 783 2464 argumenti
806 2422 909 2458 libros,
932 2432 1034 2463 neque
1059 2428 1166 2452 tamen
1190 2420 1322 2453 omnino
1342 2420 1416 2451 satis
1438 2420 1522 2456 certi,
1545 2422 1604 2451 sub

114 2464 291 2496 auctoribus
305 2465 370 2496 suis
390 2466 514 2496 notabo.

161 2517 178 2538 c
200 2509 340 2543 Γλῦσσας
357 2519 380 2539 s.
400 2510 496 2548 λέξεις.
542 2507 623 2540 Inde
638 2508 805 2548 paullatim
822 2508 982 2540 Glossaria
997 2514 1028 2540 et
1042 2508 1158 2539 Lexica
1173 2507 1255 2538 faeta
1269 2518 1335 2538 csse
1349 2513 1484 2547 apparet,
1497 2508 1601 2543 etiam,

118 2550 204 2591 quod
224 2557 340 2583 temere
355 2552 501 2583 dubitant
515 2551 670 2588 nonnulli,
692 2552 760 2591 ipsa
772 2553 832 2583 hac
845 2558 936 2583 aetate
953 2551 1178 2583 Alexandrina.
1218 2551 1282 2582 Sed
1296 2550 1444 2591 primum,
1468 2558 1503 2582 ut
1519 2551 1603 2581 vide-

117 2599 177 2629 tur,
200 2604 249 2626 res
262 2595 383 2626 institui
398 2601 497 2636 coepta
511 2601 558 2626 est
572 2595 612 2626 ad
626 2595 738 2626 seriem
759 2595 918 2637 quandam
943 2605 1057 2631 rerum,
1082 2596 1162 2626 sicut
1184 2603 1230 2627 est
1248 2595 1282 2624 in
1300 2594 1503 2625 Onomastico
1527 2594 1601 2624 Pol-

118 2636 207 2668 lucis.
251 2638 437 2680 Cuiusmodi
452 2639 705 2680 antiquissimum
719 2639 875 2679 specimen
902 2639 1004 2670 Strato
1028 2639 1082 2681 (al.
1110 2639 1247 2680 Str-attis)
1271 2648 1319 2678 ap.
1347 2639 1465 2668 Athen.
1491 2637 1550 2667 IX.
1573 2647 1601 2676 p.

119 2683 193 2711 582.
215 2691 278 2723 sqq.
299 2689 525 2714 commemorat
540 2682 681 2717 Phileas,
703 2683 805 2722 po‘e‘tae
829 2682 922 2715 iuius.
945 2689 982 2713 ut
1006 2682 1088 2713 docti
1112 2690 1232 2721 putant,
1247 2683 1393 2713 ’'Aa-anm
1410 2682 1474 2710 sive
1500 2681 1601 2710 Γλῦσ·

119 2736 182 2759 νας,
206 2733 269 2764 quo
287 2726 452 2764 posteriore
467 2726 559 2757 titulo
574 2726 748 2756 afferuntur
770 2725 809 2756 ad
836 2725 984 2764 Apollon.
1009 2726 1070 2756 Rh.
1098 2725 1158 2756 lv.
1183 2730 1256 2759 989.
1278 2726 1385 2764 Etym.
1413 2725 1460 2754 M.
1487 2734 1514 2762 p.
1529 2726 1602 2753 530.

122 2766 171 2798 Cf.
199 2766 350 2798 Valcken.
377 2779 425 2809 ap.
458 2769 641 2809 Koppiersii
674 2769 763 2799 Obss.
785 2768 892 2807 philol.
919 2779 947 2808 p.
970 2773 1021 2801 56.
1065 2770 1208 2801 Fuerunt
1231 2770 1266 2800 in
1296 2768 1357 2798 illis
1378 2767 1493 2808 glossis,
1517 2767 1600 2809 μίξα-

120 2822 181 2845 πις,
207 2810 381 2851 chambe-m,
402 2814 489 2852 μ’ἦλα
503 2812 636 2853 aliaque,
659 2812 755 2842 etiam
778 2811 928 2851 δαιτυμών,
963 2813 996 2842 in
1020 2823 1083 2853 quo
1105 2812 1325 2844 laborabamus
1351 2821 1379 2850 p.
1407 2815 1478 2840 5329.
1535 2809 1600 2844 Qui

119 2851 277 2884 Philetam
292 2855 389 2885 secuti
403 2855 524 2886 suntin
548 2856 606 2885 hoc
627 2865 750 2896 genere,
772 2855 891 2886 indocti
915 2855 1054 2898 plerique
1079 2862 1109 2887 et
1130 2856 1237 2898 inepti,
1261 2860 1409 2887 notantur
1432 2852 1544 2892 set-pius
1568 2852 1601 2881 in

119 2894 260 2927 Scholiis.
306 2897 424 2929 Verum
439 2898 479 2930 ad
493 2900 550 2930 bos
564 2898 715 2930 redeundi
730 2898 811 2929 infra
826 2898 884 2929 erit
898 2898 992 2930 locus.
1143 2912 1147 2915 ·

154 2955 245 2994 vor..
268 2957 312 2992 V.
831 2960 861 2994 L
879 2959 890 2992 l
