1856 3235
253 230 342 272 156
675 221 1233 275 PROLEGOMENA.

223 354 407 418 cepisse
432 352 575 401 video
597 354 847 413 nonnulla,
880 373 988 419 quae
1028 358 1108 404 vix
1150 355 1346 404 aliunde
1380 371 1568 403 sumere
1601 357 1707 419 pos:

222 426 355 467 sent:
421 419 506 467 sed
552 420 872 467 constantiam
928 422 1297 485 comparationis
1342 438 1440 468 non
1502 420 1707 484 reperio.

225 485 444 549 Eamque
467 500 530 532 ne
555 485 776 532 Romana
800 486 994 548 quidem
1033 487 1182 534 editio
1224 487 1366 550 plane
1403 487 1592 550 probat,
1627 484 1710 531 illa

223 566 334 614 quae
355 558 547 598 textum
579 550 725 613 juxta
762 558 812 597 et
850 551 978 598 illius
1018 552 1433 599 Commentarium
1472 551 1709 598 continet.

224 615 337 680 Ipse
360 632 475 663 vero
500 616 774 673 Barnesius,
800 615 882 678 qui
909 616 1148 663 Eustathii
1173 617 1331 664 intima
1345 618 1514 664 scrinia
1537 632 1585 663 se
1598 631 1715 663 com-

214 682 390 745 pilasse
415 680 589 745 jactat,
625 697 768 743 quam
792 681 842 727 in
884 681 975 728 hac
1014 690 1064 729 et
1103 681 1298 744 reliquis
1334 681 1711 745 professionibus

226 746 323 794 suis
345 763 499 794 vanus
525 746 603 804 sit,
628 753 678 792 et
701 745 780 792 alii
804 746 893 792 viri
919 747 1070 804 docti,
1096 755 1145 794 et
1168 763 1294 793 unus
1329 747 1388 793 de
1411 747 1596 810 paucis,
1631 745 1716 809 qui

224 811 535 860 Eustathium
553 811 775 874 gnaviter
791 811 1118 875 perlegerant,
1134 812 1489 860 Valckenarius
1508 811 1713 858 monuit.

224 878 401 941 Neque
424 884 590 924 tamen
615 877 890 935 Barnesius,
917 885 1092 925 caetera
1122 878 1317 941 ineptus
1358 878 1521 934 homo,
1557 884 1606 924 et
1635 892 1717 939 pa-

225 959 335 990 rum
358 949 586 990 accurate
623 941 815 1000 doctus,
839 943 931 990 hac
967 943 1114 990 laude
1142 942 1440 990 fraudandus
1477 950 1567 999 est,
1603 952 1716 989 eum'

226 1008 376 1056 fuisse
410 1007 639 1070 primum,
657 1008 747 1070 “qui
771 1023 832 1054 ex
866 1009 1074 1071 antiquis
1099 1008 1412 1071 scriptoribus
1438 1007 1619 1070 aliquid
1654 1006 1717 1053 ad

226 1072 589 1136 insequentium
612 1089 753 1120 usum
779 1082 1103 1137 expromeret,
1142 1073 1323 1137 aliquid
1347 1074 1449 1137 ipse
1475 1073 1620 1120 etiam
1653 1088 1715 1119 ex

227 1139 302 1186 his
326 1138 543 1185 fontibus
565 1138 692 1185 bene
717 1139 998 1202 corrigeret.
1068 1139 1369 1186 Temerarias
1402 1138 1503 1202 ejus
1529 1154 1716 1185 correca

227 1205 405 1260 tiones,
429 1219 633 1249 numero
655 1202 837 1266 plures,
872 1204 955 1266 qui
991 1221 1155 1250 rursus
1181 1205 1437 1267 expunxit,
1475 1203 1717 1260 Clarkius,

227 1269 301 1317 vir
324 1268 655 1332 grammaticae
695 1268 931 1315 doctrinae
969 1269 1305 1332 peritissimus,
1340 1268 1590 1332 ingenium
1615 1268 1719 1315 ubia

226 1351 323 1399 que
346 1333 510 1397 prodit
532 1332 618 1380 tali
642 1333 793 1380 labori
819 1341 867 1380 et
892 1335 1023 1381 omni
1056 1335 1300 1382 severitati
1340 1333 1524 1381 criticae
1557 1349 1718 1397 operae

228 1400 455 1448 alienum.
525 1398 575 1445 Is
599 1398 749 1462 igitur
783 1400 1123 1447 auctoritatem
1158 1400 1443 1456 lectionum,
1484 1415 1593 1463 quae
1616 1398 1719 1462 quia

229 1466 341 1513 dem
366 1481 428 1512 ex
450 1465 654 1512 vetustis
679 1465 912 1528 exemplis
936 1465 1037 1528 peti
1063 1466 1287 1523 debebat,
1313 1465 1492 1522 omisit,
1517 1472 1718 1512 conten-

227 1539 307 1580 tus
330 1530 432 1578 fere
455 1546 603 1594 parva
625 1529 707 1577 illa
723 1531 974 1589 varietate,
994 1548 1137 1594 quam
1155 1530 1421 1594 Appendix
1446 1529 1718 1593 vulgarium

229 1597 346 1644 olim
371 1595 659 1653 editionum,
697 1603 746 1642 et
771 1596 1044 1660 Stephanus
1071 1597 1425 1659 Barnesiusque
1451 1595 1711 1652 dederant;

227 1663 291 1712 ad
315 1661 626 1709 Eustathium
648 1660 726 1709 vel
762 1661 954 1709 Scholia
988 1662 1138 1710 rarius
1164 1662 1389 1718 devertit,
1413 1661 1497 1708 ubi
1521 1660 1601 1707 alii
1623 1660 1721 1706 hae-

229 1736 409 1785 serant,
434 1734 518 1774 aut
540 1727 642 1790 ipse
667 1728 921 1775 sententiae
947 1745 1046 1775 suae
1071 1729 1317 1791 quaerebat
1336 1735 1608 1784 auctorem,
1647 1741 1719 1772 re-

228 1795 363 1858 liqua
384 1793 573 1850 leviter,
599 1800 649 1840 et
670 1792 863 1852 leniter,
898 1795 1113 1857 miraque
1139 1793 1488 1849 moderatione,
1522 1799 1576 1838 ut
1600 1806 1719 1838 non-

228 1876 479 1923 nunquam
502 1859 581 1906 vel
603 1858 832 1915 inmeris
869 1859 1065 1923 ineptiis
1102 1858 1316 1906 Barnesii
1354 1857 1473 1905 nihil
1509 1856 1600 1903 nisi
1624 1857 1722 1903 ido-

229 1943 361 1974 neam
384 1926 608 1973 rationem
631 1925 888 1973 desideret.
960 1925 1076 1972 Alio
1111 1925 1272 1972 animo
1304 1932 1352 1971 et
1379 1922 1616 1970 doctrinae
1640 1937 1720 1984 ap-

229 2000 402 2056 paratu
425 1991 487 2038 ad
510 1991 831 2055 repetendum
857 1991 1170 2039 Clarkianum
1200 1989 1477 2053 exemplum
1514 1987 1719 2034 accessit

229 2057 501 2115 Ernestius,
534 2057 623 2104 etsi
648 2074 747 2104 non
782 2065 973 2121 sponte,
1009 2057 1095 2105 sed
1129 2056 1307 2104 librarii
1343 2055 1416 2102 sui
1450 2053 1718 2101 voluntate.

231 2124 394 2180 Quam
418 2124 479 2170 ob
504 2139 606 2170 rem
632 2140 743 2170 eum
768 2124 920 2187 magis
945 2123 1281 2170 admirandum
1316 2129 1436 2185 puto
1471 2120 1520 2166 in
1546 2133 1719 2166 ornan-

231 2189 295 2237 do
319 2189 412 2236 hoc
437 2188 594 2236 alieno
618 2205 782 2252 opere,
808 2206 951 2252 quam
976 2189 1026 2236 in
1050 2189 1255 2252 propriis
1280 2186 1586 2251 quibusdam,
1611 2195 1720 2247 quae

229 2254 525 2302 contentiori
549 2255 712 2302 studio
733 2255 1007 2318 perpolivit.
1082 2254 1180 2302 Hic
1205 2261 1387 2310 tamen,
1414 2252 1496 2315 qui
1532 2258 1581 2298 et
1606 2260 1719 2297 con-‘

228 2319 444 2368 ferendis
463 2319 681 2383 pluribus
699 2320 832 2367 libris
852 2329 901 2368 et
916 2337 1030 2368 vero
1050 2321 1195 2368 etiam
1212 2318 1501 2383 judicando,
1519 2316 1570 2364 id
1589 2314 1721 2379 quod

232 2385 397 2433 multis
431 2385 551 2433 locis
586 2386 862 2433 acutissime
896 2386 1033 2443 facit,
1069 2386 1286 2433 omnium
1322 2384 1504 2448 optime
1540 2383 1601 2428 de
1625 2380 1721 2428 lec-

230 2452 366 2499 tione
393 2450 659 2498 Homerica
689 2452 884 2509 meruit,
922 2452 1052 2499 idem
1093 2451 1290 2498 videbat
1325 2447 1723 2513 significabatque

230 2517 283 2564 in
309 2515 501 2564 Praefat.
529 2516 641 2566 Vol.
667 2517 750 2574 V.,
786 2525 1020 2580 quantum
1046 2534 1190 2581 porro
1218 2514 1535 2563 laborandum
1579 2519 1724 2569 esset,

233 2583 351 2630 dum
377 2582 663 2646 contingere
687 2591 850 2646 posset
880 2588 1056 2647 poetae,
1086 2593 1142 2630 ut
1166 2583 1225 2629 ab
1260 2580 1390 2628 omni
1415 2586 1552 2643 parte
1575 2589 1727 2641 purus

234 2655 286 2696 et
310 2647 596 2695 emendatus
620 2649 852 2711 prodiret.
923 2649 1139 2696 Tantum
1165 2649 1329 2695 aberat
1353 2645 1434 2692 ille
1469 2661 1496 2691 a
1532 2658 1724 2708 perver-

235 2730 287 2761 sa
309 2713 538 2777 opinione
564 2730 749 2771 eorum,
775 2715 857 2777 qui
881 2715 1124 2778 hodieque
1148 2713 1280 2760 hunc
1322 2718 1533 2767 textum,
1570 2708 1724 2772 qualis

235 2778 487 2843 paullatim
511 2777 637 2826 forte
662 2778 858 2826 fortuna
876 2779 1034 2828 factus
1061 2786 1151 2837 est,
1175 2778 1444 2842 genuinum
1480 2791 1536 2822 ac
1571 2789 1726 2838 prope

237 2844 573 2892 Μουσόπνευστον
596 2844 774 2892 habere
809 2845 1062 2905 videntur-3
1100 2845 1303 2892 istorum
1338 2840 1562 2905 exemplo
1595 2840 1726 2887 Bux-

233 2910 566 2970 torfianorum,
593 2910 675 2976 qui
700 2911 904 2961 eandem
929 2927 1032 2961 rem
1048 2910 1160 2962 olim
1180 2908 1512 2977 praedicabant
1536 2905 1598 2955 de
1624 2903 1726 2954 He-
