1856 3235
190 214 286 258 272
680 198 1241 249 PROLEGOMENA.

200 342 338 386 erant
374 339 424 380 et
462 331 605 387 vitiis,
642 330 801 395 qualia
833 330 1069 378 nonnulla
1106 329 1269 394 paullo
1306 336 1419 378 ante
1461 333 1688 393 cognovi-

199 417 306 450 mus
329 403 362 445 '‘².
431 397 630 445 Numne
647 397 797 460 igitur
815 397 1133 444 absurdorum
1155 396 1386 451 omnium,
1408 412 1516 459 quae
1535 396 1687 445 Zeno-

199 469 345 515 dotea
379 463 624 519 dicuntur,
664 478 790 510 unus
824 462 963 510 nobis
1005 461 1285 510 Zenodotus
1322 478 1433 511 reus
1470 463 1688 525 agendus

199 534 323 582 erit?

263 597 336 645 At
357 594 668 658 interpolavit
691 593 792 656 ipse
816 592 1053 655 quaedam,
1078 593 1382 656 mutavitque
1405 596 1599 657 poetam
1623 594 1687 642 ad

196 663 449 712 libidinem
474 676 606 707 suam
631 667 682 706 et
702 658 875 721 priscae
897 658 1126 705 orationis
1150 674 1436 721 morumque
1470 658 1689 707 hero'l'co-

200 746 310 778 rum
329 726 649 775 inscientiam.
720 723 781 770 Id
804 723 974 786 utique
997 731 1229 770 accusant
1253 723 1558 783 Scholiastae3
1575 751 1577 753 ·
1595 740 1688 773 nec

203 795 454 859 quisquam
476 790 689 839 dubitet:
728 789 819 837 etsi
838 805 1074 852 nusquam
1094 789 1206 836 satis
1226 788 1548 852 distinguunt,
1575 790 1694 852 quid

200 862 303 925 ipse
330 859 390 906 de
415 873 501 904 suo
525 855 779 911 invexerit,
817 854 935 918 quid
974 854 1088 902 olim
1116 853 1369 918 vulgatum
1392 854 1634 902 invenerit
1651 863 1687 902 b.
1749 850 1759 853 X

203 929 388 975 Contra
426 922 575 969 iidem
610 920 831 985 quaedam
869 920 1015 968 etiam
1051 919 1281 983 praeclara
1322 919 1424 983 ejus
1465 918 1688 978 afferunt,

198 991 375 1057 partim
400 987 685 1036 Aristarcho
711 993 761 1034 et
783 985 979 1049 reliquis
1003 985 1212 1049 antiquis
1235 985 1514 1033 auctoribus
1537 986 1690 1034 nostri

245 1140 263 1159 a
286 1129 362 1168 Pag.
390 1129 461 1158 259.
494 1135 558 1166 sqq.
615 1125 656 1155 In
681 1124 789 1164 primis
814 1125 876 1155 huc
902 1124 984 1155 refer
1007 1123 1123 1154 menda
1157 1123 1381 1164 antiquissimae
1413 1122 1580 1162 scripturae,
1614 1134 1690 1156 con·

202 1172 330 1203 *inentis
345 1177 377 1200 et
391 1168 580 1208 imperfectae
596 1167 678 1197 notis
693 1167 863 1203 literarum,
886 1173 956 1198 tum
978 1167 1173 1198 oscitationes
1188 1166 1383 1196 librariorum
1399 1166 1434 1196 in
1448 1166 1540 1197 codd·
1563 1168 1600 1202 εἷς
1617 1169 1693 1210 πρά-

201 1229 243 1247 σω
258 1212 476 1255 γεγραμμένοις,
500 1221 578 1252 quos
597 1210 707 1240 Strabo
731 1209 806 1240 dicit
828 1215 904 1240 noto
927 1209 997 1240 loco
1022 1209 1130 1240 XIII.
1152 1220 1180 1248 p.
1204 1213 1276 1240 609.
1300 1209 1403 1250 (907.)
1447 1209 1617 1240 Posteriori
1638 1220 1692 1250 ge·-

202 1259 271 1288 neri
287 1254 491 1286 adscribenda
505 1260 579 1283 sunt
593 1253 680 1283 haud
696 1252 790 1283 dubie
804 1253 914 1288 multa,
939 1263 1009 1294 quae
1024 1262 1062 1282 ex
1077 1252 1145 1282 aliis
1167 1251 1254 1282 libris
1277 1251 1310 1282 in
1335 1251 1412 1282 alios
1434 1251 1512 1282 olim
1535 1252 1692 1288 translata,

201 1309 288 1331 nunc
303 1300 455 1329 honorem
469 1299 627 1328 variarum
643 1297 805 1327 lectionum
821 1296 971 1327 obtinent.
1015 1294 1136 1326 Prioris
1158 1300 1233 1325 sunt
1257 1294 1502 1334 permutationes
1526 1293 1701 1335 longarum·

201 1350 234 1374 et
249 1343 392 1373 brevium
405 1340 573 1377 vocalium,
594 1339 635 1369 de
657 1339 770 1379 quibus
791 1349 818 1369 v.
834 1338 875 1369 ad
889 1339 928 1370 λ’.
947 1341 1016 1369 104.
1037 1340 1069 1378 ξ’.
1085 1341 1135 1370 45.
1158 1339 1193 1369 α’.
1219 1341 1290 1369 198.
1312 1339 1349 1377 φ’.
1377 1340 1449 1369 127.
1470 1337 1516 1378 χ’.
1539 1341 1614 1369 256.
1637 1338 1693 1369 ubi

201 1397 229 1416 v.
245 1384 398 1416 Valcken.
414 1389 446 1414 et
459 1383 622 1413 varietates
635 1381 824 1422 hujusmodi,
846 1382 882 1422 μ’
897 1382 1037 1426 εἰρόμενος,
1059 1381 1224 1425 μειρὸμενος,
1247 1380 1282 1415 π’.
1299 1384 1371 1412 127.
1392 1380 1431 1412 cf.
1456 1381 1497 1411 ad
1521 1380 1549 1411 ι’.
1562 1384 1635 1412 612.
1649 1399 1693 1406 -

201 1429 342 1468 ἒξελόμκν,
365 1427 393 1465 ἓξ
409 1427 522 1466 ἒλόμην.
544 1428 569 1456 ι’.
587 1429 656 1455 150.
668 1443 712 1449 —
727 1425 871 1464 ἐξήλατον,
895 1426 1042 1464 {Ziza-rav,
1066 1431 1108 1464 μ’.
1125 1428 1198 1456 295.
1213 1430 1269 1454 etc.
1519 1424 1526 1429 ⁷

245 1473 265 1502 b
290 1471 528 1510 Nonnunquam
544 1468 591 1498 illi
606 1468 734 1508 quidem
748 1469 792 1498 ita
807 1468 988 1509 loquuntur,
1012 1474 1048 1498 ut
1061 1468 1164 1507 ipsum
1190 1468 1223 1497 Ζ.
1240 1467 1412 1497 lectionum
1434 1476 1564 1497 suarum
1585 1471 1694 1498 aucto-

201 1525 270 1546 rem
284 1524 340 1544 seu
355 1512 589 1543 emendatorem
606 1511 707 1542 facere
721 1511 901 1549 videantur-3
923 1521 1151 1551 nonnunquam
1168 1510 1262 1541 etiam
1278 1509 1415 1549 perinde,
1431 1509 1519 1550 quasi
1533 1509 1694 1550 exemplar

201 1558 271 1598 ejus
284 1557 318 1587 in
334 1556 480 1586 manibus
495 1554 671 1585 habuerint.
704 1555 751 1585 Ut
764 1564 863 1595 quum
875 1553 915 1585 ad
929 1554 956 1585 ι’.
973 1557 1044 1585 151.
1060 1560 1196 1590 narrant,
1214 1553 1293 1584 duos
1306 1563 1412 1583 versus
1426 1552 1463 1584 τ’.
1476 1555 1547 1584 245.
1562 1563 1605 1594 sq.
1617 1562 1694 1584 eum

201 1602 247 1632 sie
263 1600 344 1631 male
359 1604 511 1629 correctos
526 1598 678 1634 exhibere,

285 1691 340 1719 Ἐκ
356 1687 378 1718 δ’
394 1689 467 1727 ἄγον
482 1687 561 1717 ἑπτὰ
575 1688 728 1726 γυναῖκας,
744 1686 878 1726 ἀμύμονα
892 1685 954 1728 ’ἔργ’
970 1685 1080 1722 εἰδυίας,

284 1731 323 1770 ἐ’ξ,
341 1732 418 1773 ἀτὰρ
436 1729 596 1769 ἑβδομάτῃ
611 1728 744 1771 Βρισηΐδα
758 1730 970 1772 καλλιπάρῃον,

199 1821 311 1852 dicunt
323 1819 374 1854 ibi,
391 1824 422 1849 et
437 1817 544 1857 paucis
558 1816 626 1847 aliis
640 1816 725 1851 locis,
742 1817 846 1859 ’γράφει
862 1815 1018 1851 Ζκνὸδοτος,
1035 1814 1166 1846 instanti
1180 1820 1329 1854 tempore,
1343 1812 1434 1854 cujus
1444 1811 1604 1854 legitimus
1616 1821 1691 1843 usus

198 1870 245 1895 est
259 1863 292 1893 in
306 1862 401 1897 libris,
417 1861 471 1901 qui
486 1860 581 1900 vulgo
595 1860 629 1890 in
644 1859 791 1889 manibus
809 1865 893 1890 sunt.
937 1859 989 1889 Sic
1004 1866 1050 1889 est
1066 1858 1210 1892 Ζηνόδοτῡς
1227 1856 1308 1898 (cod.
1321 1856 1442 1898 σύνοδος)
1461 1856 1628 1895 ὃπου-ἄπει,
1640 1865 1688 1887 ex.

198 1917 243 1948 gr.
260 1905 300 1937 ad
315 1907 343 1936 ν’.
360 1907 430 1936 808.
447 1903 499 1934 cui
515 1903 616 1933 versui
631 1903 716 1933 hunc
730 1902 859 1938 addidit,

283 1994 350 2028 Λίην
364 1994 425 2036 ’γάρ
439 2000 501 2034 σφιν
516 1994 603 2024 πᾶσιν
619 1991 745 2035 ἐκέκριτο
760 1992 994 2034 θάρσεΐπολλᾷἶ,

198 2091 234 2117 ut
248 2084 351 2116 versui
366 2085 401 2122 ξ.
419 2086 490 2114 156.
504 2082 602 2121 hunc,
616 2091 704 2123 aeque
719 2081 873 2121 ineptum,

281 2175 420 2215 ’Am-183&
442 2174 558 2210 Φοίνικι,
575 2174 670 2205 timiam
686 2173 857 2207 Πηλεΐωνος.

195 2265 246 2296 vel
263 2264 400 2298 πεποίηκε
417 2264 464 2299 Z.‚
481 2269 518 2295 ut
533 2263 577 2304 χ’.
593 2266 664 2294 578.
681 2272 776 2303 quem
791 2261 836 2292 sic
850 2260 935 2302 legit,

277 2352 406 2395 Ἀτρείδη
423 2365 453 2383 τε
471 2353 522 2383 καὶ
535 2352 624 2383 ἄλλοι
643 2352 774 2394 ἀριστῆες
791 2349 983 2390 Παναχαιῶν.

194 2443 245 2474 vel
260 2442 397 2483 τέταχεν,
415 2447 450 2472 ut
464 2440 498 2472 δ’.
515 2443 586 2471 125.
602 2439 653 2470 cui
667 2449 749 2475 eum,
766 2438 820 2479 qui
835 2438 945 2470 ordine
959 2437 1121 2478 proximus
1135 2443 1188 2474 est,
1205 2438 1383 2479 praeposuit,
1397 2443 1434 2469 ut
1454 2437 1488 2478 ξ’.
1504 2440 1577 2470 594.
1591 2442 1687 2478 quem

196 2496 271 2517 eum
295 2490 444 2525 sequente
466 2489 536 2522 post
563 2486 636 2515 599.
659 2482 830 2512 collocavit:
858 2482 906 2512 vel
928 2481 1063 2522 denique
1086 2482 1278 2525 μετέγραφεν,
1301 2488 1337 2514 ut
1361 2481 1458 2513 Catal.
1484 2484 1555 2512 188.
1580 2481 1685 2522 (681.)

196 2529 288 2570 oejus
298 2528 368 2559 loco
383 2528 408 2558 si
425 2526 642 2558 Zenodoteum
656 2525 840 2567 legeremus,
856 2535 912 2565 per
922 2535 955 2556 se
970 2525 1102 2556 minime
1117 2526 1250 2564 malum,

280 2618 318 2650 Οἵ
331 2616 472 2661 δ”Ἀξγος
486 2616 562 2658 εἶχον
585 2616 618 2648 τὸ
634 2615 832 2656 Πελασγικὸν,
850 2613 943 2658 οὖθαρ
965 2614 1091 2659 ἀρούρης,

196 2705 335 2746 periiSset
356 2707 446 2738 nobis
466 2708 624 2747 peculiare
645 2707 815 2749 orificium
833 2705 953 2737 clarkii
968 2711 1000 2736 et
1021 2704 1170 2735 Dominae
1186 2703 1339 2736 Daceriae.
1355 2722 1399 2729 —
1424 2703 1486 2736 Sed
1507 2702 1577 2745 quis
1592 2701 1687 2734 fldem

195 2751 308 2781 habeat
333 2750 399 2782 istis
411 2749 578 2785 vocabulis,
597 2748 652 2790 qui
677 2759 758 2789 saepe
773 2748 848 2779 alibi
876 2748 989 2779 viderit
1003 2749 1061 2778 hos
1079 2747 1263 2779 Scholiastas
1291 2747 1471 2778 Zenodotea
1493 2746 1579 2778 haud
1594 2745 1684 2777 dissi-

192 2793 353 2868 ὲῐὲιὲἰξῃῐει·
378 2793 499 2827 tradere
513 2803 551 2825 ex
574 2791 737 2825 auditione
759 2798 791 2824 et
804 2791 891 2824 fama
906 2797 939 2824 et
960 2791 1150 2833 conjectura,
1163 2800 1228 2823 non
1249 2801 1289 2824 ex
1304 2790 1450 2833 inspeetis
1471 2789 1557 2823 libris
1579 2787 1689 2820 vexeni-
