1856 3235
573 213 1137 265 PROLEGOMENA.
1516 223 1606 263 159

117 368 278 400 rarum
303 347 536 412 magistri,
578 346 777 394 Masora
800 363 887 393 sua
922 345 1138 409 superbi,
1163 344 1327 392 dolere
1362 345 1610 394 fortunam

119 427 350 472 nostram,
385 413 517 476 quod
553 413 691 460 nobis
728 413 982 475 scripturae
1026 410 1307 458 Homericae
1348 413 1613 460 auctoritas

120 483 278 548 posita
300 481 362 528 sit
394 481 443 526 in
469 487 567 526 tam
592 494 829 525 novorum
865 477 1095 525 codicum
1119 476 1234 531 fide,
1269 476 1511 540 plerisque
1534 495 1616 526 ve-

122 557 281 597 terum
305 545 644 593 recensionum
686 544 905 607 vestigiis
941 544 1009 590 sic
1035 542 1226 590 obtritis
1253 559 1309 588 ac
1335 542 1524 600 deletis,
1560 551 1618 591 ut

124 621 288 662 textus
335 611 486 658 nostri
533 609 856 657 conformatio
912 625 1052 672 paene
1100 609 1149 654 in
1197 608 1407 655 obscuro
1451 608 1615 656 lateat.

127 679 378 726 Habemus
405 692 555 733 nunc,
580 676 618 722 si
643 675 805 722 omnia
840 675 1059 738 undique
1095 683 1330 737 excerpta
1370 676 1621 737 componi-

123 760 248 799 mus,
275 742 521 788 Masoram
550 741 697 788 etiam
723 740 950 787 Graecam
994 740 1254 802 quandam,
1279 749 1383 786 tum
1408 748 1621 787 vetusta-

126 817 194 866 te,
219 816 323 855 tum
349 807 493 854 variae
519 806 805 853 eruditionis
850 805 990 869 copia
1013 805 1168 852 multo
1214 806 1621 868 praestantiorem,

127 873 382 936 multoque
423 871 596 919 melius
637 880 891 918 servatam.
964 872 1131 933 Atque
1172 870 1264 917 hae
1305 881 1529 934 utraque,
1572 879 1623 919 et

130 939 309 987 Graeca
333 946 383 985 et
411 937 674 993 Hebraica,
716 935 961 1000 farragine
1004 937 1348 999 comparanda,
1384 954 1517 984 nunc
1543 937 1625 985 de-

129 1021 264 1052 mum
289 1003 432 1054 altius
455 1003 733 1066 perspicere
758 1001 945 1060 licebit,
970 1019 995 1049 a
1021 1003 1195 1065 quibus
1234 1003 1484 1065 principiis
1509 1002 1626 1050 olim

132 1071 287 1119 omnis
326 1069 605 1116 emendatio
643 1068 876 1115 librorum
902 1078 952 1115 et
977 1069 1147 1115 critica
1187 1085 1261 1114 ars
1285 1068 1507 1132 profecta
1548 1070 1628 1127 sit,

133 1153 246 1185 cum
271 1135 373 1183 aliis
398 1136 541 1182 rebus
576 1134 813 1197 pluribus,
855 1134 1030 1197 quibus
1056 1134 1284 1182 litteratae
1324 1135 1629 1198 antiquitatis

134 1201 355 1265 cognitio
392 1201 697 1248 continetur:
737 1200 816 1247 cui
858 1200 1021 1247 studio
1063 1201 1209 1247 etiam
1252 1201 1313 1247 ad
1351 1201 1629 1264 intelligen-

137 1268 253 1315 dum
279 1271 474 1330 poetam
515 1282 642 1329 saepe
666 1266 775 1329 plus
818 1266 1070 1323 debemus,
1095 1283 1238 1330 quam
1273 1266 1353 1314 hic
1392 1266 1529 1315 locus
1553 1284 1633 1316 ca-

135 1334 252 1397 piat.
325 1332 474 1388 Quod
514 1341 678 1379 autem
719 1332 937 1395 inprimis
976 1332 1188 1380 notabile
1225 1340 1314 1389 est,
1353 1341 1402 1380 et
1429 1334 1635 1381 Venetis

135 1400 210 1446 his
236 1398 380 1446 codd.
425 1398 658 1445 eximium
700 1398 912 1461 pretium
951 1398 1110 1456 addit3
1148 1399 1427 1461 accepimus
1461 1400 1512 1446 in
1538 1399 1634 1447 illis

135 1480 355 1512 normam
398 1472 447 1510 et
471 1464 607 1526 quasi
648 1464 894 1520 amussim,
922 1464 983 1510 ad
1009 1481 1152 1527 quam
1195 1465 1422 1512 codicum
1447 1474 1635 1513 nostro-

138 1547 265 1586 rum,
301 1537 352 1577 et
393 1545 560 1576 eorum
600 1529 683 1592 qui
720 1529 924 1592 posthac
967 1529 1300 1588 conferentur,
1343 1531 1547 1594 qualitas
1585 1539 1639 1580 et

140 1595 360 1644 conditio
382 1594 585 1641 firmiter
610 1594 742 1658 exigi
766 1596 931 1658 possit.

209 1660 340 1707 Illud
355 1659 458 1724 jam
483 1677 617 1708 nunc
643 1677 730 1707 nos
756 1661 928 1708 docuit
952 1679 1067 1709 usus
1098 1662 1408 1721 variantium,
1433 1680 1550 1727 quas
1576 1681 1640 1712 exr

143 1726 359 1790 quinque
401 1726 545 1773 codd.
596 1726 1063 1775 Vindobonensibus
1109 1728 1263 1775 edidit
1305 1729 1525 1788 Alterus,
1566 1731 1644 1777 vir

144 1792 452 1841 doctissimus
479 1801 528 1839 et
552 1792 795 1840 indefessa
819 1793 1072 1841 industria.
1145 1795 1241 1842 Sed
1267 1795 1341 1842 hae
1381 1795 1639 1856 lectiones,

145 1875 259 1906 cum
278 1858 484 1906 Venetis
510 1859 798 1922 caeterisque
816 1860 968 1923 copiis
995 1870 1305 1924 comparatae,
1327 1861 1444 1908 mihi
1469 1879 1641 1926 parum

146 1924 248 1988 spei
273 1923 574 1988 relinquunt,
598 1923 703 1972 fore
729 1934 784 1972 ut
808 1926 868 1973 ad
896 1926 1049 1974 Iliada
1078 1927 1274 1990 quidem
1302 1944 1363 1975 ex
1388 1929 1642 1977 codicibus

147 1989 303 2037 multa
327 2006 451 2038 nova
476 1998 526 2037 et
560 1991 808 2054 praecipua
832 2010 1034 2055 usquam
1071 1993 1325 2056 prodeant.
1399 1994 1524 2041 Nam
1553 1996 1646 2059 ipsi

148 2055 373 2103 meliores
395 2055 505 2103 libri
532 2056 942 2105 Vindobonenses
983 2058 1102 2105 nihil
1129 2059 1260 2106 aliud
1285 2058 1387 2107 fere
1413 2061 1504 2108 nisi
1532 2078 1646 2124 cog-

149 2121 254 2168 nita
277 2130 326 2168 et
350 2121 463 2169 alibi
488 2131 681 2186 reperta
706 2123 1013 2182 confirmant,
1044 2142 1193 2188 quum
1231 2141 1291 2172 ex
1316 2126 1373 2173 iis
1397 2135 1646 2190 appareat,

153 2202 262 2249 quae
285 2186 522 2236 lectiones
547 2188 693 2236 alicui
732 2190 1054 2252 posteriorum
1080 2201 1356 2255 temporum
1394 2192 1649 2241 Gramma-

151 2253 253 2301 tico
278 2252 355 2299 vel
378 2252 572 2301 librario
613 2256 984 2317 praestabiliores
1019 2257 1136 2305 visa}
1177 2258 1288 2304 sint.
1359 2258 1651 2323 (jujusmodi

152 2318 469 2366 auctoritates
493 2321 722 2383 quoniam
748 2338 842 2369 nec
867 2323 983 2386 ipsae
1018 2340 1105 2387 per
1131 2341 1198 2382 se,
1224 2340 1317 2372 nec
1343 2341 1574 2373 numerus
1600 2334 1652 2375 et

152 2383 420 2432 multitudo
445 2401 610 2432 earum
636 2387 901 2451 quidquam
928 2391 1163 2437 momenti
1187 2390 1353 2447 faciat,
1380 2394 1651 2456 praesertim

155 2449 194 2496 si
218 2466 315 2497 non
359 2451 639 2509 nominatae,
680 2462 934 2501 auctorum
977 2457 1220 2520 gravitate
1257 2467 1475 2517 careant3
1522 2459 1654 2507 haud

154 2515 320 2578 paullo
343 2515 452 2579 plus
493 2534 804 2566 accessurum
845 2529 1013 2583 putem
1051 2522 1166 2571 huic
1191 2526 1441 2587 apparatui
1486 2525 1654 2573 lectio-

156 2596 292 2638 num,
331 2582 369 2629 si
407 2583 495 2629 viri
535 2583 669 2631 docti
711 2585 851 2648 plura
875 2586 1122 2635 Glossaria
1159 2599 1209 2637 et
1235 2590 1429 2638 bcholia
1469 2592 1655 2639 inedita

158 2648 481 2706 excusserint,
506 2667 651 2712 quam
695 2651 732 2697 si
757 2668 845 2699 nos
871 2652 1133 2701 ditaverint
1160 2656 1331 2704 decem
1359 2658 1434 2705 vel
1477 2656 1655 2721 viginti

157 2727 395 2760 novorum
438 2715 670 2763 codicum
723 2718 991 2781 scripturis.
1078 2722 1262 2777 Quidni
1317 2733 1479 2771 autem
1534 2722 1655 2772 illud

159 2779 305 2826 unius
332 2779 538 2828 Homeri
563 2783 720 2845 gratia
755 2801 916 2847 operae
951 2787 1161 2849 pretium
1189 2789 1277 2836 sit?
1312 2790 1508 2853 quando
1544 2789 1660 2837 alio-

157 2860 265 2891 rum
291 2844 526 2894 librorum
552 2857 793 2906 veterum,
821 2867 1065 2899 sacrorum
1094 2854 1310 2918 quidem,
1336 2855 1504 2903 critica
1530 2855 1659 2903 illus.

157 2911 304 2959 tratio
329 2911 595 2963 admodum
619 2930 775 2980 nuper
801 2926 878 2966 tot
913 2935 1064 2982 equos
1090 2921 1219 2969 viros
1255 2922 1495 2979 exercuit,
1527 2923 1657 2988 ipsos
