1856 3235
600 221 1174 276 ,PROLEGOMENA
1539 231 1633 269 213

150 355 429 405 domesticae
452 352 665 400 historiae
704 353 755 398 in
780 351 990 414 antiquis
1031 352 1159 398 ἔπεσιν
1184 352 1316 398 haud
1355 352 1501 400 dubie
1525 369 1639 417 ope-

150 440 249 470 ram
297 422 434 468 istam
480 417 674 466 facilem
721 425 771 465 et
807 416 1081 480 jucundam
1129 415 1418 464 efficiebant.
1512 419 1637 475 Quae

149 488 323 541 omnia,
351 501 411 531 ex
436 483 629 530 illorum
670 493 946 546 temporum
969 482 1178 546 ingeniis
1203 498 1260 528 ac
1304 484 1516 531 moribus
1559 501 1639 532 ex-

148 554 369 606 istimata,
412 549 576 596 locum
613 565 711 596 non
748 547 1030 611 relinquunt
1068 547 1377 603 dubitationi,
1415 550 1498 611 qui
1533 550 1635 597 fieri

148 616 362 682 potuerit
385 615 524 672 illud,
549 615 682 678 quod
704 613 891 661 factum
916 630 1020 661 esse
1043 613 1288 661 historicae
1307 613 1517 661 rationes
1533 632 1642 678 pere

149 683 388 731 vicerunt.
1045 691 1047 693 ·

816 877 978 926 XXV.

149 1066 154 1070 .
214 1011 337 1060 Haec
361 1018 524 1058 autem
548 1009 793 1074 reputanti
817 1010 935 1056 mihi
959 1008 1275 1057 vehementer
1299 1026 1454 1057 errare
1473 1009 1640 1058 viden-

148 1087 228 1127 tur
251 1079 299 1134 ii,
343 1078 424 1141 qui
462 1086 638 1141 putant
672 1076 822 1123 literis
862 1092 961 1122 non
987 1092 1125 1122 usum
1163 1075 1434 1123 Homerum
1473 1076 1635 1124 statim

146 1153 302 1192 totum
330 1143 573 1190 immutari
597 1151 647 1190 et
671 1142 742 1189 sui
768 1141 1045 1192 dissimilem
1082 1141 1221 1189 reddi
1245 1158 1443 1189 necesse
1477 1140 1640 1190 fuisse.

148 1210 209 1257 Id
233 1209 418 1257 scilicet
443 1208 679 1255 effecisset
701 1225 824 1271 vaga
847 1207 1047 1263 auditio,
1074 1223 1173 1254 non
1197 1207 1416 1271 legitima
1442 1215 1492 1254 et
1515 1208 1642 1255 bene

143 1276 412 1339 composita
430 1274 698 1320 διδασκαλία.
772 1273 1122 1320 Verumtamen
1146 1273 1236 1336 ipsi
1253 1281 1442 1321 veteres
1460 1290 1488 1320 a
1505 1273 1642 1337 rhap-

147 1341 274 1390 sodis
311 1341 598 1404 repetebant
623 1339 860 1403 originem
901 1339 1136 1386 variarum
1161 1339 1444 1395 lectionum,
1486 1338 1536 1385 in
1562 1356 1641 1386 eo-

145 1423 349 1470 rumque
374 1405 663 1453 creberrimo
687 1414 834 1452 cantu
857 1405 1154 1468 praecipuum
1190 1403 1377 1452 fontem
1411 1404 1644 1452 videbant

146 1472 467 1536 corruptionis
492 1479 542 1518 et
564 1470 950 1534 interpolationis
991 1470 1281 1518 Homericae.
1354 1470 1523 1534 Atque
1548 1470 1641 1518 hoc

137 1539 394 1603 judicium,
434 1537 493 1584 ab
533 1535 880 1584 Alexandrinis
920 1536 1113 1583 Criticis
1149 1535 1425 1600 profectum
1445 1550 1476 1592 ³,
1521 1535 1642 1599 ejus-

145 1604 278 1656 modi
303 1611 389 1658 est,
417 1610 472 1649 ut
497 1611 667 1649 natura
685 1602 753 1649 rei
779 1602 1075 1665 cogitantem
1102 1600 1243 1648 facile
1273 1602 1444 1648 eodem
1469 1601 1644 1665 perdu-

146 1679 238 1718 cat.
311 1669 485 1731 Neque
527 1668 657 1715 enirn
682 1684 744 1715 ne
780 1667 1084 1715 tenacissima
1108 1667 1305 1731 quidem
1345 1668 1590 1723 memoria,
1618 1684 1646 1714 a

147 1735 334 1800 scriptis
375 1733 730 1797 exemplaribus
756 1733 1003 1789 destituta,
1031 1749 1130 1780 non
1165 1733 1358 1781 vacillat
1380 1733 1643 1788 interdum,

147 1810 197 1850 et
219 1799 471 1865 paullatim
510 1799 702 1863 longius
727 1816 754 1846 a
778 1799 873 1846 fide
912 1799 1156 1847 desciscit.
1228 1799 1288 1846 In
1323 1799 1489 1863 primis
1529 1816 1645 1847 vero

147 1866 369 1915 recitatio
408 1867 524 1930 ipsa,
554 1865 716 1913 vivido
757 1865 944 1929 impetu
969 1873 1019 1913 et
1056 1864 1228 1913 ardore
1252 1865 1397 1912 animi
1433 1873 1645 1928 peracta,

106 1930 112 1935 ’
144 1932 458 1981 infirmaverit
482 1938 675 1994 oportet
698 1931 995 1987 memoriam,
1017 1930 1277 1994 multisque
1293 1931 1644 1979 mutationibus

148 2014 340 2047 causam
377 1997 585 2055 dederit,
622 1997 673 2044 in
699 2013 757 2045 eo
803 1997 1071 2060 praesertim
1111 2014 1348 2053 sermone,
1389 1997 1471 2061 qui
1512 1997 1644 2060 quasi

148 2071 320 2128 sponte
362 2063 680 2111 concluderet
715 2079 926 2121 versum,
967 2079 1126 2125 neque
1164 2063 1289 2110 hanc
1337 2062 1644 2110 artificiosam

150 2129 531 2177 concinnitatem
573 2128 789 2184 haberet,
830 2145 938 2192 quae
975 2128 1171 2176 aliunde
1211 2128 1345 2175 illata
1380 2137 1645 2192 respueret,

129 2212 299 2259 ‘quum
338 2195 499 2242 omnia
522 2202 658 2241 tanta
696 2194 1004 2257 simplicitate
1045 2195 1298 2242 sententiis
1335 2195 1493 2242 verbis
1535 2210 1647 2242 con-

149 2262 276 2309 ferta
299 2261 409 2316 sint,
449 2260 611 2308 omnia
633 2261 701 2307 ita
740 2261 1046 2308 membratim
1071 2270 1121 2307 et
1152 2260 1341 2307 incisim
1368 2261 1643 2315 decurrant,

151 2335 208 2374 ut
231 2325 468 2382 mutandi,
495 2326 798 2382 detrahendi,
825 2326 1039 2373 addendi
1063 2326 1243 2389 ubique
1267 2326 1476 2373 maxima
1498 2325 1649 2373 facili-

150 2400 222 2441 tas
246 2393 322 2440 sit.
393 2391 645 2439 Postremo
682 2392 856 2439 mirum
881 2391 1065 2449 suisset,
1109 2392 1199 2439 nisi
1241 2392 1467 2456 rhapsodi
1501 2408 1649 2456 gene-

150 2458 342 2506 rosioris
365 2457 572 2521 spiritus,
600 2465 651 2504 et
675 2458 755 2520 qui
779 2458 868 2521 ipsi
886 2463 1046 2521 poetae
1072 2465 1246 2514 essent,
1267 2459 1441 2522 passim
1466 2457 1650 2521 aliquid

153 2541 182 2572 a
204 2541 254 2572 se
277 2523 450 2571 melius
475 2523 570 2570 dici
595 2540 750 2587 posse,
777 2524 868 2570 alia
891 2524 1035 2571 etiam
1059 2524 1109 2570 in
1135 2524 1412 2572 auditorum
1446 2524 1649 2588 gratiam

154 2590 433 2637 clarioribus
457 2590 614 2637 verbis
639 2589 970 2652 exprimenda,
1001 2589 1092 2637 alia
1117 2590 1328 2654 denique
1352 2590 1650 2638 intertexen-

154 2655 216 2702 da
250 2655 467 2719 pluribus
510 2655 816 2703 Carminibus
854 2671 952 2702 uno
990 2655 1070 2703 filo
1112 2656 1369 2703 nectendis
1405 2662 1648 2720 putarent.

155 2721 225 2768 Ut
272 2721 399 2768 enim
443 2722 501 2769 ab
549 2721 771 2769 omnibus
809 2720 1200 2786 intelligerentur
1236 2729 1287 2770 et
1338 2738 1448 2770 cum
1485 2719 1651 2782 volup-

155 2792 255 2834 tate
280 2787 580 2844 audirentur,
607 2803 794 2834 summa
817 2787 1008 2834 illorum
1051 2804 1166 2835 cura
1190 2804 1293 2836 esse
1331 2787 1513 2842 debuit,
1551 2801 1646 2832 non

191 2927 209 2947 a
233 2916 397 2948 Servatum
415 2928 462 2958 ap.
478 2919 605 2958 Joseph.
624 2925 764 2949 extremo
779 2918 857 2956 loco,
875 2930 968 2961 quem
988 2930 1082 2960 supra
1099 2919 1242 2958 descripsi
1261 2930 1289 2957 ῃ.
1312 2921 1378 2950 19Τ.
