1856 3235
580 203 1141 254 PROLEGOMENA.
1517 217 1605 262 271

128 344 253 391 rium
293 337 652 392 vocabulorum,
690 336 751 383 de
786 335 1141 383 discriminibus
1177 336 1515 398 dialectorum,
1559 342 1623 390 de

132 403 573 457 constructionibus
596 401 800 465 poeticis
825 410 876 449 et
906 401 1071 448 multis
1096 401 1200 449 aliis
1224 404 1367 451 rebus
1403 406 1623 470 ejusdem

129 472 321 538 generis
343 475 376 517 ².
448 468 566 515 Huc
589 467 716 514 adde
749 466 1136 515 honestissimam
1162 484 1355 516 causam
1379 471 1625 523 alucinan-

131 540 196 595 di,
223 551 371 601 quum
396 533 757 582 Grammaticus
780 533 1080 596 provinciam
1105 549 1241 581 suam
1266 551 1485 598 egressus
1512 555 1625 586 con-

132 603 356 652 stantiam
390 616 504 647 usus
532 599 808 646 inflecteret
843 599 906 646 ad
930 599 1144 663 speciem
1182 600 1426 662 quandam
1464 604 1624 652 analo-

130 670 239 734 giae,
266 674 316 714 et
338 666 390 712 in
404 665 563 729 ipsum
577 664 828 712 dominum
854 664 1037 728 linguae
1055 664 1305 713 affectaret
1322 666 1579 730 imperium
1595 668 1627 718 ¹³.

134 732 282 782 Adde
317 731 544 794 denique,
570 730 622 777 id
653 730 784 793 quod
818 730 1087 778 identidem
1113 733 1497 795 computandum
1536 743 1623 792 est,

130 799 171 846 si
193 797 320 846 forte
344 796 653 861 exemplaria,
681 796 854 859 quibus
879 797 1122 853 utebatur,
1161 798 1351 845 mendis
1375 799 1628 863 inquinata

129 936 193 961 tem
209 929 334 961 articuli
358 928 520 960 Zenodoto
545 929 743 960 scribendum
769 929 931 961 videbatur
957 929 1057 966 ὧλλοι,
1081 930 1136 960 ubi
1162 931 1252 962 ἄλλοι
1277 937 1324 962 aet
1349 931 1374 962 οἱ
1396 932 1493 967 ἄλλοι,
1516 934 1629 963 coetert'.

130 973 173 1004 V.
190 973 293 1004 laudd.
308 974 342 1003 in
370 973 458 1003 Reiz.
480 973 520 1003 de
542 973 664 1013 prosod.
691 974 745 1003 Gr.
772 980 919 1004 accentus
945 973 1084 1004 inclinat.
1111 984 1139 1012 p.
1156 976 1206 1005 75.
1227 984 1300 1004 cum
1323 974 1429 1014 Etym.
1447 975 1495 1005 M.
1511 985 1538 1013 p.
1556 978 1629 1005 821.

133 1016 248 1047 Scholl.
262 1015 303 1046 ad
313 1020 350 1052 β’.
367 1020 395 1046 1.
409 1022 441 1046 et
454 1018 491 1046 κ’.
511 1020 538 1046 l.
583 1016 656 1052 Quo
670 1016 838 1055 posteriore
854 1017 924 1046 loco
938 1017 982 1047 sic
998 1024 1164 1046 narrantur
1184 1023 1215 1047 et
1230 1017 1283 1046 alii
1297 1017 1463 1056 scripsisse,
1480 1018 1526 1048 uti
1542 1028 1630 1048 nunc

131 1059 205 1090 sads
227 1065 405 1090 constanter
429 1059 505 1089 facit
533 1059 724 1098 Apollonius
755 1060 985 1090 Brunckianus.
1050 1060 1155 1100 AEque
1182 1059 1272 1090 facile
1298 1060 1449 1090 articulus
1475 1061 1548 1091 addi
1574 1066 1630 1091 aut

132 1102 218 1133 demi
235 1103 336 1142 potuit
350 1102 420 1132 aliis
435 1102 593 1132 vocabulis
607 1102 724 1132 multis.
770 1103 886 1133 Saltem
901 1113 1008 1133 versus
1034 1113 1098 1133 non
1119 1103 1276 1139 reclamat,
1299 1104 1363 1133 sive
1384 1104 1498 1134 scribas
1523 1106 1581 1137 στῆ
1604 1103 1633 1135 δ’

132 1145 147 1176 ὅ
162 1145 262 1188 γέρων,
283 1147 338 1177 ἀνὰ
354 1144 377 1176 δ’
393 1146 406 1175 ὅ
423 1145 622 1188 πτολίπορθος
637 1145 795 1181 Ὀδυσσεὺς,
818 1147 882 1176 sive
897 1144 924 1176 δὲ
940 1146 1036 1188 γέςων,
1052 1145 1080 1177 δὲ
1096 1147 1296 1187 πτολίπορθος
1318 1148 1359 1177 Ὀ.
1385 1146 1424 1177 Il.
1439 1151 1476 1183 β’.
1492 1151 1564 1178 278.

177 1199 195 1218 a
219 1189 282 1218 His
296 1198 492 1228 apponamus
505 1188 650 1228 quaedam
666 1199 721 1227 per
735 1196 880 1225 saturam,
904 1190 944 1218 ob
959 1199 1030 1228 quae
1047 1189 1081 1219 Z.
1104 1199 1186 1228 saepe
1201 1190 1395 1228 vituperatur
1410 1197 1441 1220 et
1459 1192 1542 1230 dipla
1571 1201 1630 1222 no-

134 1236 219 1262 tatur
233 1232 267 1261 ln
284 1231 398 1262 Scholl.
419 1234 459 1261 A‘.
474 1234 546 1263 729,
567 1231 744 1262 confudisse
760 1231 875 1262 diCItur
889 1231 986 1275 δὸξπον
1001 1238 1031 1261 et
1045 1231 1157 1267 δεῖπνον,
1183 1234 1210 1262 ν’.
1227 1236 1299 1262 610.
1319 1234 1475 1276 μάχαιραν
1497 1239 1527 1263 et
1541 1235 1629 1274 ξιφος,

134 1280 172 1306 c'.
187 1277 259 1306 247.
282 1288 317 1306 ιτ.
336 1278 383 1304 14.
406 1275 489 1314 φὸβον
503 1280 535 1304 et
549 1273 614 1309 Σὲος.
658 1277 699 1305 Α’.
723 1277 773 1306 56.
797 1279 866 1306 198.
890 1275 1040 1305 Scribebat
1062 1276 1143 1318 ὅς’ἦτο
1169 1285 1226 1314 pro
1253 1276 1350 1318 ἇρᾶτο,
1374 1279 1446 1307 550.
1469 1278 1573 1319 zermig
1600 1288 1632 1316 p.

136 1319 253 1361 κρατὸς,
275 1318 308 1348 in
325 1317 438 1358 quibus
452 1324 577 1357 propter
591 1318 737 1348 confusas
763 1317 914 1348 dialectus
937 1318 1182 1357 reprehenditur.
1226 1324 1268 1349 Γ.
1293 1322 1366 1350 459.
1386 1326 1520 1355 notatur,
1545 1320 1630 1359 quod

136 1361 328 1392 infinitivum
355 1366 506 1399 potestate
525 1360 699 1399 imperandi
719 1361 887 1401 ignorarit;
919 1363 952 1399 ξ’.
981 1365 1052 1392 169.
1074 1361 1158 1401 quod
1182 1362 1284 1394 ἑαυτὴν
1307 1372 1364 1401 pro
1389 1373 1454 1392 uno
1480 1363 1631 1393 vocabulo

135 1405 301 1441 habuerit;
323 1405 447 1445 (ἀγνοεῖν
472 1405 522 1437 τὴν
547 1402 681 1446 διαφορὰ,
706 1405 792 1434 abu-6⁹
817 1412 899 1445 φησιν
919 1405 1136 1448 'Agim-meza:
1167 1405 1205 1434 Cf.
1231 1405 1317 1435 Reiz.
1342 1405 1381 1435 ad
1407 1406 1526 1446 Theog.
1552 1406 1630 1436 Hes.

136 1448 225 1488 470.)
249 1449 286 1478 oe‘.
300 1450 373 1479 595.
393 1449 425 1477 α’.
443 1449 512 1477 158.
536 1449 571 1477 τ’.
585 1450 658 1477 542.
680 1449 720 1477 ω’.
734 1451 806 1478 528.
828 1451 900 1478 550.
915 1447 999 1487 quod
1014 1447 1134 1477 dederit
1149 1449 1199 1478 ἒοῖο
1214 1458 1244 1487 p.
1260 1448 1335 1484 {2035
1362 1452 1400 1485 β’.
1414 1452 1487 1479 509.
1503 1452 1540 1488 γ’.
1556 1452 1630 1480 980.

135 1492 169 1529 ξ’.
183 1494 255 1522 274.
270 1490 353 1530 quod
366 1490 528 1532 μαρτύςους
544 1492 577 1520 in
593 1491 742 1532 μάρτυρας
760 1490 897 1527 mutarit,
920 1490 960 1520 de
977 1497 1060 1521 certo
1076 1490 1221 1529 exemplo
1247 1490 1358 1531 Odyss.
1385 1494 1424 1522 π’.
1449 1495 1521 1521 425.
1543 1502 1632 1522 secu.

137 1543 211 1572 rus;
235 1536 274 1574 ‘'l‘-
290 1537 361 1563 244.
377 1539 415 1563 λ’.
434 1536 502 1562 149.
524 1533 609 1573 quod
624 1533 795 1573 neglexerit
809 1543 913 1563 veram
934 1533 997 1563 vim
1012 1534 1235 1572 pronominum
1252 1536 1319 1573 σφίς
1343 1541 1374 1564 et
1402 1536 1450 1569 ἓίς,
1474 1544 1543 1575 quae
1558 1536 1628 1575 qui-

136 1576 209 1608 dem
225 1582 294 1615 post
307 1577 411 1615 ipsum
427 1576 518 1606 unice
533 1576 674 1617 legitima
688 1578 861 1615 ponebatur
874 1589 882 1613 ;
906 1578 938 1615 ξ’.
953 1581 1026 1608 469.
1047 1577 1132 1616 quod
1153 1578 1246 1607 verbo
1263 1578 1395 1617 γεγώνειν
1410 1578 1563 1608 addiderit
1579 1589 1630 1609 ca-

136 1630 207 1649 sum
222 1626 387 1659 quartum:
414 1618 446 1648 in
463 1629 525 1659 quo
540 1626 622 1649 certe
644 1629 709 1649 non
730 1620 833 1658 potuit
848 1626 994 1649 constans
1017 1630 1088 1653 esse,
1113 1630 1213 1660 quum
1237 1620 1299 1654 illa,
1326 1623 1460 1651 Δαναοῖσι
1487 1622 1629 1661 γεγωνώς,

138 1662 259 1705 Τρώεσσι
275 1662 416 1702 γεγωνώς,
441 1668 472 1692 et
487 1661 601 1692 similia
615 1662 705 1701 plura
719 1662 813 1692 talem
836 1663 1042 1693 mutationem
1066 1668 1263 1701 respuerent:
1285 1666 1324 1703 γ’.
1348 1667 1397 1693 71.
1423 1667 1472 1694 92.
1500 1668 1533 1697 n‘.
1561 1669 1632 1695 114.

138 1705 224 1746 quod
238 1708 364 1745 ἀμείνων,
389 1705 519 1744 γλυκίων
534 1711 566 1735 et
579 1705 640 1735 alia
661 1706 756 1745 hujus
779 1706 890 1735 formae
915 1706 1069 1745 scripserit
1091 1707 1157 1735 sine
1172 1706 1286 1736 ultima
1299 1706 1396 1742 litera,
1420 1708 1534 1746 ἀμείνω,
1556 1715 1633 1747 γλυ-

136 1750 202 1779 κίω.·
227 1759 290 1788 quo
304 1758 378 1778 sane
393 1748 472 1778 nihil
486 1748 650 1778 absurdius
665 1755 711 1778 est
725 1754 756 1778 et
775 1748 928 1789 analogiae
954 1749 1055 1789 magis
1078 1759 1275 1789 repugnans:
1302 1753 1340 1786 β’.
1354 1753 1406 1780 56.
1428 1750 1512 1789 quod
1539 1753 1632 1781 verba

137 1791 306 1832 singularis
323 1791 447 1822 numeri
462 1791 577 1832 ubique
591 1802 665 1822 cum
682 1792 864 1822 nominibus
886 1793 1005 1822 neutris
1027 1792 1156 1831 pluralis
1174 1793 1323 1832 junxerit,
1347 1803 1385 1822 ex
1412 1793 1532 1833 vulgari
1558 1804 1631 1824 con-

142 1834 317 1870 suetudine,
342 1844 436 1875 quam
453 1834 486 1864 in
501 1835 571 1865 aliis
586 1845 710 1875 quoque
725 1836 818 1865 rebus
833 1845 993 1874 perperam
1009 1843 1135 1866 secutus
1158 1835 1286 1866 videtur.
1332 1836 1378 1865 Ut
1392 1836 1423 1865 in
1439 1836 1635 1867 anacoluthis

142 1878 342 1917 expellendis
365 1877 467 1918 qualis
481 1878 614 1916 pessima
635 1878 703 1918 ejus
725 1878 904 1908 emendatio
919 1886 964 1909 est
987 1879 1022 1918 ζ’.
1039 1882 1111 1909 511.
1133 1879 1213 1920 ῥίμφ’
1240 1880 1273 1909 ἑὰ
1297 1880 1384 1918 γοῦνα
1401 1880 1482 1922 piget,
1506 1880 1545 1910 de
1571 1891 1633 1920 qua

139 1921 179 1951 cf.
194 1921 234 1951 ad
249 1921 279 1952 0'.
295 1923 370 1952 405.
389 1921 423 1964 ς’.
440 1924 510 1951 700.
527 1921 562 1952 ο-’.
581 1924 665 1958 148.;
686 1927 721 1951 ut
735 1922 768 1951 in
784 1921 934 1951 membris
948 1922 1096 1952 orationis
1111 1922 1152 1952 ad
1167 1922 1338 1961 prosaicam
1362 1924 1510 1962 συνάφειαν
1535 1925 1634 1953 vinci-

137 1964 227 1994 endis
243 1973 296 2003 per
310 1964 479 2003 participia,
504 1972 652 2005 tanquam
667 1963 708 2000 β’.
725 1967 795 1995 187.
820 1965 876 1995 Σὺν
892 1967 935 2005 τῷ
948 1966 1013 2001 βὰς,
1037 1965 1069 2003 ξ’.
1101 1969 1169 1997 169.
1193 1966 1335 2000 ἐπιθεῖσα,
1360 1966 1413 1995 ubi
1430 1968 1508 1996 bene
1524 1973 1634 1998 monet

142 2007 244 2037 Sclnol.
290 2006 384 2037 Idem
399 2013 533 2042 notatur,
557 2007 642 2047 quod
658 2007 803 2038 nescierit
818 2008 999 2038 Homerum
1014 2009 1218 2051 παραλλήλοις
1243 2010 1363 2039 τάττειν
1381 2010 1435 2042 τὰς
1452 2008 1632 2048 ἰσοδυναμού-

139 2062 193 2084 σοις
209 2050 312 2088 aiga„
337 2055 380 2081 τ’.
395 2054 467 2081 666.
490 2050 528 2090 φ’.
549 2054 598 2081 17.
621 2057 653 2079 et
672 2050 754 2085 alibi,
778 2050 863 2091 quod
878 2051 1012 2090 figuram
1030 2053 1114 2082 κατὰ
1130 2052 1164 2082 τὸ
1189 2052 1365 2090 σιωπώμενον
1390 2062 1453 2082 non
1480 2052 1634 2083 custodie-

141 2092 190 2127 rit,
213 2099 320 2123 notam
336 2092 431 2123 etiam
446 2103 464 2123 e
480 2093 548 2123 Lat.
565 2093 744 2123 Scholiastis
760 2100 816 2124 etc.
862 2093 945 2123 Nam
961 2093 1035 2123 satis
1056 2094 1110 2124 illa
1131 2094 1253 2128 docent,
1276 2105 1371 2134 quam
1397 2095 1498 2125 multa
1521 2095 1634 2126 debea-

140 2145 214 2166 mus
232 2136 460 2171 Grammaticis,
486 2136 647 2167 Zenodoto
673 2136 903 2176 posterioribus,
927 2137 981 2178 qui
1007 2138 1073 2167 haec
1097 2137 1213 2173 omnia,
1236 2148 1307 2178 quae
1334 2137 1375 2167 ad
1396 2139 1635 2179 grammaticam

138 2178 287 2222 ἀκρίβειαι
301 2185 332 2209 et
346 2179 461 2209 bonam
477 2178 765 2218 interpretationem
782 2186 929 2219 spectant,
952 2180 993 2211 ad
1015 2181 1145 2210 rectiora
1168 2187 1322 2220 praecepta
1346 2188 1539 2212 revocarunt.
1585 2184 1636 2213 Ac

140 2221 295 2252 nonnulla
309 2221 436 2252 illorum
452 2223 590 2261 profecto
605 2223 739 2262 permira
753 2229 827 2253 sunt
842 2223 875 2253 in
893 2223 1017 2258 Critico,
1039 2225 1211 2262 praesertim
1225 2234 1272 2258 eo,
1288 2224 1344 2265 qui
1358 2224 1424 2263 ipse
1435 2235 1541 2255 versus
1556 2236 1635 2265 pan-

139 2271 234 2306 geret,
259 2265 396 2295 maxime
410 2266 526 2308 ἆίμετςοι
541 2266 695 2306 quaedam,
712 2273 748 2296 ut
765 2266 864 2296 Catal.
881 2269 931 2297 27.
949 2269 1021 2297 165.
1047 2266 1081 2306 ζ’.
1097 2270 1148 2297 34,
1174 2267 1201 2298 ν’.
1221 2270 1299 2302 1752„
1323 2267 1427 2308 qualia
1446 2275 1554 2299 tamen
1569 2279 1635 2300 nou

139 2315 215 2338 sunt
236 2307 269 2338 in
289 2309 390 2339 tribus
404 2308 658 2349 Epigrammatis,
681 2319 752 2350 quae
766 2311 824 2340 sub
846 2309 914 2350 ejus
936 2309 1064 2340 nomine
1083 2316 1206 2341 exstant
1225 2310 1259 2340 in
1285 2311 1440 2341 Brunckii
1464 2312 1635 2349 Analectia,

185 2395 205 2424 b
227 2395 278 2425 Ex
294 2395 352 2425 hoc
367 2394 454 2426 fonte
468 2405 610 2426 manasse
624 2395 771 2427 videntur
792 2407 912 2428 errores
932 2397 1038 2437 plures
1063 2408 1101 2429 ex
1127 2397 1347 2438 superioribus
1372 2404 1404 2429 et
1429 2398 1462 2429 hi
1488 2399 1633 2435 maxime,

142 2437 177 2468 in
191 2436 389 2469 declinandis
402 2439 641 2478 pronominibus
653 2440 812 2470 commissi
829 2451 848 2471 a
868 2441 903 2470 Z.
947 2441 1038 2477 Quos
1052 2452 1150 2482 quum
1167 2448 1278 2472 notant
1294 2442 1482 2478 Scholiasta»,
1499 2443 1636 2474 insolen-

145 2481 191 2511 tia
205 2481 250 2511 rei
265 2481 346 2517 facit,
371 2488 407 2512 ut
421 2482 478 2512 hos
494 2482 575 2521 ipsos
590 2483 728 2521 primum
744 2483 851 2523 legens
875 2490 1016 2514 monstra
1042 2484 1161 2525 fingere
1187 2491 1284 2524 putet.
1331 2485 1416 2515 Nam
1438 2485 1477 2522 β’.
1503 2489 1575 2518 239.
1599 2492 1636 2517 er'.

145 2527 220 2554 584.
242 2523 372 2555 tradunt
386 2524 480 2555 illum
493 2524 614 2555 dedisse
629 2527 672 2556 ἑοῦ
686 2536 743 2565 pro
768 2527 907 2566 genitivo
921 2527 1070 2566 primitivi
1087 2528 1283 2567 pronominis
1297 2527 1331 2563 ἕο,
1357 2530 1397 2560 θ’.
1411 2532 1452 2559 57
1457 2532 1485 2559 7.
1500 2532 1544 2570 χᾏ
1563 2533 1637 2560 216.

146 2568 206 2598 νῦΐν
220 2577 276 2607 pro
291 2569 465 2598 accusativo
481 2569 533 2602 νῶϊ,
558 2573 598 2599 α’.
610 2572 682 2599 536.
706 2569 793 2609 σφῶϊν
818 2580 874 2609 pro
889 2580 989 2600 accus·
1005 2571 1088 2611 σφῶΐ,
1110 2573 1151 2611 μ’.
1166 2574 1240 2602 366.
1263 2572 1337 2612 σφῆε
1362 2582 1419 2610 pro
1444 2573 1639 2602 nominativo

147 2609 292 2640 secundae
316 2621 456 2650 personae
480 2612 563 2651 opii}
587 2611 663 2642 item
688 2612 722 2642 in
748 2613 840 2643 tertia
864 2623 996 2653 persona
1021 2614 1058 2644 α’.
1074 2617 1104 2644 8.
1127 2614 1166 2645 κ’.
1191 2618 1264 2646 546.
1286 2615 1367 2654 σφῶΐ
1377 2625 1431 2654 pro
1447 2616 1530 2655 σφῶε,
1553 2614 1639 2655 quod

147 2659 349 2692 postremum,
372 2661 409 2685 ut
424 2653 545 2684 valdius
559 2655 680 2690 mirere,
704 2665 723 2685 a
739 2655 870 2686 Seleuco
883 2657 1049 2695 probatum
1064 2667 1101 2687 ac
1121 2657 1310 2688 refutatione
1335 2657 1470 2699 dignum
1496 2659 1640 2688 habitum

146 2701 194 2726 eet
207 2697 246 2726 ab
263 2697 412 2736 Apollon.
429 2697 522 2728 Alex.
539 2697 578 2728 de
595 2698 684 2739 Synt.
704 2698 753 2728 ΙΙ.
769 2709 798 2738 p.
818 2702 887 2730 167.
932 2699 982 2730 Ex
1005 2699 1180 2742 eodemque
1205 2701 1362 2736 discimus
1386 2701 1516 2743 id3quod
1542 2702 1641 2731 varie-

148 2739 205 2769 tati
219 2739 252 2769 in
267 2741 306 2770 ω’.
320 2743 393 2772 486.
439 2739 551 2781 odyss.
570 2747 605 2772 τ’.
619 2745 694 2772 358.
714 2748 745 2772 et
759 2741 842 2778 alibi,
865 2748 937 2772 tum
962 2744 1138 2774 Ammonio
1164 2754 1182 2773 v
1221 2746 1295 2783 ἐμεῖο
1320 2750 1352 2774 et
1375 2748 1430 2776 σοῖο
1455 2743 1640 2782 explicando

149 2781 282 2822 prodest,
307 2783 505 2814 Zenodotum
523 2784 692 2823 possessiva
707 2786 781 2824 ἐμοῖο
795 2791 827 2816 et
842 2788 897 2817 σοῖο
911 2791 1049 2817 mutasse
1065 2786 1098 2817 in
1122 2787 1279 2827 primitiva
1294 2789 1367 2827 ἐμεῖο
1391 2793 1423 2816 et
1448 2789 1511 2817 σεῖο.
1559 2786 1641 2818 Vide

150 2825 299 2864 Aponon.
315 2825 335 2857 l.
349 2835 376 2856 c.
394 2837 423 2866 p.
444 2829 513 2858 165.
528 2827 582 2858 ubi
596 2827 682 2869 quod
697 2827 773 2858 dicit
787 2829 842 2863 τὰς
859 2842 882 2868 γ
900 2829 976 2869 αφὰς
993 2830 1029 2863 εἷς
1053 2836 1084 2860 Ζ.
1099 2831 1301 2874 ἀνοιφὲρεσθαι,
1325 2830 1417 2869 plane
1432 2829 1528 2865 docet,
1545 2831 1642 2870 scrip-

149 2873 234 2898 turas
251 2868 444 2900 Zenodoteas
454 2869 521 2910 jam
538 2871 778 2904 Antoninorum
793 2881 860 2904 aevo
897 2872 1062 2905 octissimis
1074 2873 1257 2906 hominibus
1271 2883 1335 2905 non
1359 2872 1420 2904 nisi
1444 2882 1482 2904 ex
1507 2872 1644 2907 aliorum

149 2912 302 2953 excerptis
316 2913 456 2955 cognitas
471 2913 576 2947 fuisse.
