1856 3235
603 231 1100 282 PROLEGOMEN
1104 234 1166 280 A.
1539 243 1630 281 215

145 386 264 418 num
296 373 442 416 esset:
482 363 929 412 Alexandrinorum
970 372 1133 412 autem
1159 370 1394 427 tempore,
1433 382 1639 430 quorum

145 435 356 483 maxime
377 429 616 486 interfuit,
653 429 775 476 nihil
811 430 1008 478 videtur
1046 428 1338 493 superfuisse
1378 431 1470 478 nisi
1509 433 1641 480 varia

148 510 199 550 et
221 501 423 548 obscura
443 496 588 551 fama,
625 503 682 542 ut
705 496 767 543 de
789 502 866 544 tot
889 496 992 543 aliis
1016 495 1269 551 ἀδεσπότοις,
1307 511 1513 559 quorum
1535 515 1641 562 par-

146 567 236 614 tim
252 564 355 628 jam
377 561 510 627 apud
536 560 849 609 Herodotum
873 561 1061 610 mentio
1083 561 1149 609 fit.

212 629 443 692 Denique
463 627 524 675 de
544 627 774 675 sollennis
789 627 1035 692 justaeque
1059 626 1361 675 recitationis
1385 628 1571 677 ratione
1590 630 1641 677 in

147 694 355 761 publicis
397 693 723 742 conventibus
748 703 798 742 et
827 693 1175 742 certaminibus
1198 693 1488 757 paucissima
1511 705 1639 752 sunt,

145 777 256 825 quae
280 767 415 813 certa
437 776 600 808 rerum
622 759 720 807 fide
760 760 1031 807 tradantur.
1102 759 1271 807 Unum
1311 759 1440 808 inter
1476 776 1643 808 omnes

147 833 354 882 constat,
375 833 639 888 utrumque
652 841 779 889 ‘epos
807 825 1014 873 Homeri
1032 825 1226 872 nonnisi
1241 825 1569 889 particulatim
1589 843 1643 874 ac

146 892 340 940 diverso
364 892 535 939 ordine
568 891 884 939 decantatum
927 907 1048 949 esse,
1085 897 1135 938 et
1175 890 1429 954 particulae
1467 892 1643 955 cuique

145 957 296 1021 vulgo
336 957 586 1021 proprium
627 973 808 1005 nomen
848 957 998 1004 fuisse
1015 968 1050 1004 ².
1121 956 1194 1003 Ea
1227 957 1425 1004 nomina
1449 964 1645 1006 exstant

146 1031 253 1072 tum
278 1024 409 1087 apud
434 1023 687 1070 AElianum
723 1031 774 1071 et
811 1023 1125 1071 Eustathium
1154 1023 1206 1069 in
1229 1023 1482 1087 principiis
1506 1023 1645 1087 rhap-

147 1089 407 1146 sodiarum,
445 1097 550 1136 tum
591 1089 723 1153 apud
758 1089 875 1137 alios
910 1090 1170 1152 scriptores
1211 1104 1356 1152 quam
1392 1088 1642 1153 plurimOS‚

148 1155 232 1219 qui
255 1156 432 1219 passim
460 1155 729 1202 Homerica
750 1155 860 1203 loca
894 1155 955 1202 ad
990 1155 1129 1202 illum
1166 1155 1366 1202 modum
1407 1155 1643 1203 excitant.

150 1221 246 1269 Sed
271 1238 341 1269 eae
364 1229 526 1284 partes
551 1223 610 1268 ab
634 1221 776 1268 initio
799 1220 903 1269 fere
933 1221 1179 1285 longiores
1213 1220 1444 1285 fuerunt„
1468 1237 1642 1285 neque,

146 1295 204 1334 ut
228 1304 288 1335 ex
313 1287 572 1334 Eustathio
593 1286 807 1350 colligas,
836 1303 947 1334 cum
976 1286 1293 1334 Aristarchea
1317 1287 1646 1349 descriptione

147 1352 382 1400 librorum
418 1360 762 1416 congruentes.
840 1352 917 1400 Ita
950 1353 1156 1400 Ἀλκίνου
1190 1353 1406 1413 ἁπόλογος
1441 1352 1532 1401 IV.
1569 1353 1647 1401 vel

150 1418 215 1467 V.
240 1419 387 1466 libros
411 1417 650 1483 Odysseae
685 1418 1103 1483 complectebatur
1122 1417 1165 1478 ¹³3
1204 1419 1337 1482 quod
1364 1435 1572 1482 pensum
1596 1420 1647 1466 in

148 1501 248 1534 una
269 1484 580 1532 sollennitate
606 1485 863 1532 commode
889 1484 1071 1533 absolvi
1095 1486 1272 1548 potuit.
1326 1484 1385 1531 In
1411 1485 1514 1532 aliis
1535 1485 1648 1533 Car-

131 1550 376 1606 rminibus‚
413 1557 470 1597 ut
509 1550 558 1596 in
609 1551 855 1613 Καταλόγῳ
901 1556 998 1607 νεῶν,
1037 1551 1086 1596 in
1138 1551 1260 1613 Κόλῳ
1305 1552 1441 1614 μάχῃ,
1492 1559 1646 1598 artem

149 1615 377 1680 rhapsodi
413 1623 680 1679 spectatam
717 1625 854 1679 puto,
891 1616 1160 1680 praesertim
1195 1617 1246 1662 in
1281 1616 1512 1680 legitimis
1549 1634 1649 1665 cer-

149 1681 428 1737 taminibus,
451 1690 507 1728 ut
532 1698 644 1729 cum
671 1683 859 1730 caeteris
884 1691 996 1746 apte
1033 1682 1223 1730 coirent
1248 1689 1296 1729 et
1321 1682 1519 1746 elegans
1543 1682 1649 1746 ῥάφη

150 1747 446 1796 efficeretur:
483 1747 534 1794 in
560 1764 657 1811 quo
680 1757 844 1796 tamen
869 1749 1001 1796 haud
1026 1748 1171 1796 dubie
1205 1749 1344 1812 plura
1377 1765 1464 1812 per
1502 1765 1649 1796 saecu-

150 1813 199 1860 la
222 1812 343 1860 nihil
369 1820 558 1861 certum
583 1822 634 1862 et
659 1823 889 1862 constans
914 1813 1024 1871 fuit,
1063 1831 1214 1878 quum
1240 1831 1316 1862 res
1342 1814 1488 1862 modo
1533 1833 1560 1862 a
1582 1815 1651 1863 lo-

154 1879 223 1927 cis
247 1896 304 1928 ac
328 1879 630 1944 temporibus
655 1881 911 1938 recitandi,
950 1880 1097 1928 modo
1132 1882 1191 1929 ab
1217 1881 1418 1946 ingenio
1444 1889 1494 1929 et
1520 1881 1649 1946 judi-

153 1945 230 1994 cio
253 1945 603 2011 rhapsodorum
627 1947 882 2011 penderet.

810 2144 1003 2193 XXVI.

225 2276 351 2325 Haec
391 2277 567 2335 omnia,
606 2296 715 2343 quae
740 2289 968 2328 accurate
994 2281 1195 2344 exposui
1229 2280 1290 2328 de
1325 2287 1546 2344 tempore
1582 2297 1651 2328 re-

158 2351 315 2407 ceptae
337 2343 549 2407 primum
573 2346 705 2409 apud
730 2346 933 2394 Graecos
958 2347 1229 2411 scripturae,
1265 2347 1326 2395 de
1351 2348 1513 2411 prisco
1536 2363 1651 2411 pan-

155 2409 430 2472 gendorum
454 2411 915 2476 prodendorumquc
942 2413 1224 2460 Carminum
1251 2430 1401 2470 more,
1429 2414 1490 2461 de
1514 2414 1652 2477 rhap-

157 2475 300 2532 sodis‚
344 2475 502 2523 unicis
539 2476 732 2524 illorum
772 2478 1089 2541 depositariis‚
1127 2480 1348 2542 quaedam
1387 2480 1523 2544 quasi
1560 2480 1654 2543 πρό-

156 2541 294 2589 τὲλεια
327 2548 442 2589 sunt
468 2542 671 2591 diversae
697 2551 747 2591 et
770 2544 967 2601 altioris,
996 2546 1290 2608 quaestionis.
1363 2546 1422 2593 In
1466 2546 1555 2593 hac
1580 2561 1651 2592 re-

160 2680 503 2756 Haxlflstlarlolmnium
521 2684 613 2715 nobis
627 2689 674 2714 est
695 2684 864 2716 auctoritas
878 2685 990 2716 veteris
1004 2686 1167 2726 scriptoris,
1192 2697 1287 2728 quem
1311 2686 1463 2726 excerpsit
1478 2686 1594 2716 AElian.
1614 2685 1652 2713 V.

200 2767 221 2796 b
246 2767 338 2798 Conf-
363 2749 444 2800 recte
460 2776 641 2801 monentem
661 2770 879 2812 Twiningium
905 2772 938 2802 in
956 2772 1049 2803 Notis
1072 2772 1111 2804 ad
1130 2773 1257 2803 Aristot.
1282 2774 1369 2804 Po'dt.
1397 2783 1423 2812 p.
1443 2774 1514 2803 565.
1561 2770 1654 2800 Addo

158 2808 356 2841 simillimum
373 2813 553 2853 exemplum
580 2825 630 2854 ap.
647 2814 802 2846 Herodot.
831 2815 879 2845 11.
895 2818 974 2852 116.,
991 2817 1045 2846 ubi
1064 2816 1102 2847 11.
1119 2816 1154 2855 ζ’.
1171 2821 1241 2849 289.
1257 2827 1323 2857 sqq.
1352 2815 1521 2847 laudantur
1536 2824 1573 2843 cx
1592 2818 1655 2844 Am-

156 2851 259 2887 μῆδαυς
275 2856 417 2896 ἀριστείᾳ,
431 2867 495 2897 quo
511 2858 640 2888 nomine
655 2868 674 2888 a
692 2858 915 2889 Grammaticis
932 2859 1106 2900 appellatur
1130 2860 1168 2890 Il.
1186 2860 1226 2891 [ζ’.
1273 2860 1367 2895 Quod
1384 2860 1486 2897 ipsum
1502 2867 1566 2887 una
1581 2866 1655 2887 cum

157 2901 267 2950 t’enore'
279 2899 522 2933 constructionis
537 2900 626 2933 valde
652 2900 832 2933 adversatur
846 2902 937 2933 obelo
964 2904 994 2934 V
997 2903 1175 2941 alckenarii,
1191 2903 1324 2935 delentis
1339 2903 1439 2938 verba,
1466 2902 1490 2932 ἰν
1507 2899 1656 2941 Διομήδεος

158 2949 291 2982 κςιοᾞειῃ.
