1856 3235
193 194 285 233 184
652 183 1213 233 PROLEGOMENA.

191 317 310 364 riter
350 322 400 364 et
438 315 664 363 fictorum
702 315 908 379 cupidus
934 325 1152 364 narrator
1191 315 1286 363 hoc
1327 331 1521 379 quoque
1560 316 1676 367 Ioco

190 390 328 431 tenet
350 398 535 430 morem
559 397 715 438 suum,
753 398 902 444 quum
926 398 977 429 se
1000 398 1099 428 non
1123 389 1307 429 certam
1332 390 1382 429 et
1403 382 1553 445 vulgo
1573 400 1675 431 cre-

191 449 343 496 ditam
366 465 484 504 rem,
522 447 608 494 sed
629 446 807 493 famam
832 447 1075 509 quandam
1099 447 1189 493 sibi
1228 448 1478 509 probatam
1506 447 1675 497 afferre

189 514 430 578 significat
448 517 483 563 ·².
549 513 665 560 Non
688 511 926 575 potuisset
949 512 1101 574 magis
1120 512 1356 575 ingenue3
1394 529 1555 576 neque
1589 529 1676 577 par

188 579 407 644 putanda
430 586 504 627 est
527 577 671 641 culpa
695 593 878 631 eorum,
911 576 993 639 qui
1025 576 1171 623 talem
1194 593 1437 626 rumorem
1460 595 1549 641 pro
1573 596 1678 626 cer-

187 655 242 694 to
264 645 476 709 amplexi
514 652 643 699 sunt,
679 651 824 704 atque
848 641 997 704 ipsius
1028 641 1261 697 historici,
1304 643 1344 689 si
1379 643 1527 691 hunc·
1549 644 1678 693 forte

188 712 312 760 ratio
345 709 536 766 fefellit,
574 708 706 772 quod
728 707 797 753 illi
821 715 871 754 et
894 706 1007 753 alibi
1047 706 1246 762 accidit,
1282 715 1332 754 et
1358 708 1409 754 in
1432 717 1549 756 nota
1573 726 1678 757 sen-

187 777 343 826 tentia
388 776 449 824 de
499 774 716 822 Homero
762 780 811 820 et
859 772 1096 828 Hesiodo,
1134 771 1301 835 primis
1342 774 1679 822 conditoribus

188 842 466 906 theogoniae
507 840 698 888 Graecae
714 841 748 885 ¹³.
835 837 1008 901 Itaque
1047 837 1149 901 ipse
1194 837 1479 885 Herodotus
1519 847 1677 897 cavet,

188 925 251 957 ne
293 908 373 956 cui
413 906 679 971 mythicam
719 920 821 951 rem
860 920 948 967 pro
994 910 1245 966 comperta
1284 903 1462 951 habere
1509 904 1675 953 libeat.

189 974 414 1023 Pluribus
455 980 618 1019 autem
658 970 711 1018 id
756 985 899 1032 agere
944 985 1150 1032 possem,
1200 968 1400 1032 prolatis
1441 969 1679 1018 similibus

189 1038 424 1103 exemplis
464 1036 750 1091 fabularum,
788 1042 844 1081 ut
869 1033 1059 1082 celebre
1084 1050 1262 1081 nomen
1294 1034 1467 1082 Cadmi
1492 1044 1679 1084 temere

188 1107 251 1154 ad
277 1103 577 1152 Phoeniciam
599 1100 934 1148 inventionem
957 1099 1240 1146 traductum
1265 1116 1534 1163 arguerem.
1581 1100 1679 1148 Sed

188 1171 307 1235 quid
330 1170 424 1216 hoc
448 1174 613 1214 nostra
637 1165 813 1213 refert?
864 1165 935 1212 Ut
978 1164 1191 1212 Cadmus
1215 1165 1458 1213 invexerit
1495 1165 1677 1223 literas,

186 1246 243 1285 ut
266 1234 479 1283 barbaris
504 1232 710 1280 Boeotiae
744 1229 1035 1293 stupendam
1076 1238 1229 1277 artem
1266 1230 1557 1288 ostenderit3
1596 1231 1680 1279 do·

188 1302 423 1351 cilitatem
463 1298 696 1361 largimur
735 1297 792 1343 iis
835 1303 885 1342 et
921 1296 1098 1342 otium:
1149 1295 1367 1358 quamvis
1408 1295 1677 1359 Amphion,

186 1368 380 1430 integro
418 1363 598 1411 saeculo
621 1362 874 1426 posterior,
912 1361 995 1424 qui
1022 1360 1271 1408 Thebanae
1303 1361 1402 1409 arci
1437 1361 1681 1409 aedifican-

189 1434 264 1481 dae
304 1430 488 1494 lapides
524 1437 673 1477 cantu
713 1427 919 1475 movisse
958 1425 1130 1482 fertur,
1174 1426 1339 1475 edicto
1376 1427 1682 1475 commodius

185 1498 426 1563 potuisset
451 1495 580 1543 cives
604 1510 819 1549 monere,
857 1500 913 1539 ut
935 1492 1120 1555 lapides
1144 1500 1458 1556 aggererent:
1497 1492 1584 1540 sed
1623 1499 1682 1541 ut

185 1564 332 1628 pauci
355 1577 624 1626 paucorum
647 1559 803 1623 gratia
837 1558 889 1604 in
914 1557 1172 1605 scribendo
1200 1557 1304 1620 jam
1341 1566 1448 1605 tum
1488 1557 1680 1621 pericu-

185 1630 289 1677 lum
327 1627 553 1682 fecerint,
589 1625 667 1672 vel
703 1623 932 1672 brevibus
972 1623 1188 1670 versibus
1227 1631 1278 1670 et
1319 1622 1680 1687 epigrammatis

186 1712 296 1751 aera,
333 1709 490 1756 nuper
531 1690 731 1739 conflari
773 1697 948 1752 coepta,
987 1688 1309 1752 signaverint3
1348 1705 1492 1751 quam
1528 1688 1678 1752 longe

185 1761 292 1808 haec
317 1758 450 1806 rudis
475 1773 622 1821 opera
646 1757 704 1804 ab
730 1754 963 1819 expedito
987 1771 1078 1802 usu
1117 1762 1166 1801 et
1189 1752 1424 1802 facultate
1448 1754 1563 1801 artis
1588 1754 1681 1802 dis-

188 1834 370 1890 crepet,
409 1824 614 1888 quisque
639 1822 742 1870 sine
766 1819 1098 1869 admonitione
1122 1828 1286 1867 nostra
1308 1818 1557 1884 intelligit.

227 1967 247 1988 a
267 1956 311 1987 V.
327 1959 377 1988 58.
399 1955 436 1986 Οἱ
451 1953 576 1987 Φοίνικες
592 1954 616 1984 οἱ
639 1953 686 1985 σὺν
711 1951 819 1992 Κάδμῳ
847 1951 1161 1989 ἀπικόμενοι-ἅλλα
1188 1963 1219 1982 τε
1247 1951 1360 1985 πολλὰ,
1383 1950 1548 1984 obuio-mnf
1568 1950 1680 1984 ταύτην

185 2000 236 2034 τὴν
250 1999 358 2043 χώρην,
381 1999 522 2038 ἒςῆγωγον
537 1995 711 2027 διδασκάλια
726 1997 750 2030 ἔς
768 1996 831 2029 γοὺς
843 1995 1009 2032 ἽΞλληνας,
1033 1995 1084 2024 καὶ
1100 1994 1131 2026 δὴ
1154 1995 1204 2024 καὶ
1228 1995 1407 2036 γράμματα,
1432 1994 1482 2023 οὐκ
1508 1994 1589 2024 iam
1615 1995 1681 2036 πρὶν

177 2045 318 2078 Ἕλλησι,
340 2043 376 2076 ὦς
399 2042 458 2081 ipo}
480 2040 578 2071 δοκέειν
594 2054 623 2070 ι.
644 2053 671 2069 τ.
683 2046 714 2069 λ.
758 2038 810 2068 Ex
825 2038 873 2068 his
885 2037 1006 2067 clarum
1023 2044 1076 2072 est,
1102 2036 1303 2066 Herodotum
1319 2035 1494 2076 dijudicare
1516 2036 1598 2066 inter
1611 2046 1676 2072 eos,

183 2087 321 2127 quirem
340 2084 462 2115 Cadmo
476 2083 686 2123 antiquiorem
700 2082 861 2121 putabant,
885 2086 916 2111 et
931 2080 1012 2110 inter
1034 2090 1094 2113 eos,
1119 2079 1173 2119 qui
1188 2082 1226 2109 ab
1252 2078 1306 2109 illo
1334 2080 1485 2118 putabant
1510 2078 1675 2110 invectam.

185 2129 248 2160 Sed
263 2129 295 2158 in
321 2127 454 2158 eandem
476 2127 556 2156 hanc
579 2124 780 2165 posteriorem
802 2122 986 2162 opinionem
1010 2121 1211 2152 Herodotum
1235 2122 1329 2152 trahit
1354 2122 1536 2157 Larcherus,
1559 2121 1679 2162 aliquot

183 2178 308 2202 tantum
323 2170 428 2201 literas
443 2180 462 2200 a
479 2168 600 2200 Cadmo
614 2168 751 2198 invectas
765 2166 846 2197 tradi
861 2173 974 2206 putans
989 2172 1114 2204 propter
1128 2165 1296 2195 articulum
1313 2165 1467 2195 omissum
1482 2171 1556 2196 ante
1578 2166 1678 2207 tygriu-

182 2228 279 2255 ματα.
325 2213 419 2248 Quod
434 2223 452 2243 a
468 2211 708 2252 diligentissimo
723 2211 789 2240 viro
811 2209 932 2240 dictum
956 2208 1084 2239 nollem.
1131 2207 1215 2238 Nam
1240 2207 1382 2247 legitima
1402 2208 1462 2238 ista
1482 2213 1529 2237 est
1550 2207 1679 2238 omissio

181 2258 215 2288 in
231 2267 269 2288 eo
283 2267 384 2289 sensu,
407 2265 502 2296 quem
517 2255 677 2295 sequimur
685 2265 694 2291 ;
718 2253 819 2288 illum,
843 2253 898 2293 qui
924 2252 1081 2282 Larchero
1102 2250 1210 2290 placet,
1236 2250 1365 2281 inferret
1391 2250 1520 2281 demum
1545 2250 1680 2291 adjectio

182 2300 314 2331 articuli.
358 2299 471 2334 Taceo,
494 2304 648 2338 quantum
664 2297 841 2326 turbaretur
863 2295 981 2334 reliqua
1004 2294 1148 2328 narratio,
1172 2293 1197 2323 si
1214 2294 1247 2323 in
1262 2304 1299 2323 ea
1314 2293 1353 2323 de
1368 2293 1475 2333 paucis
1488 2292 1678 2334 quibusdam

181 2343 280 2374 literis
294 2349 449 2382 ageretur.
496 2340 654 2370 Herodoti
669 2338 858 2369 sententiam
880 2337 994 2368 deinde
1016 2337 1155 2377 plerique
1178 2337 1357 2375 probarunt,
1381 2346 1515 2377 quorum
1540 2336 1678 2367 rationes

181 2386 216 2417 in
232 2385 354 2417 occulto
369 2390 451 2419 sunt,
474 2383 605 2414 nomina
621 2388 652 2413 et
666 2382 733 2412 loca
748 2380 910 2412 cumulare
926 2379 1006 2410 nihil
1028 2381 1148 2410 attinet.
1195 2380 1243 2409 Ac
1265 2389 1354 2418 paene
1369 2388 1479 2409 omnes
1494 2379 1677 2418 posterioris

181 2434 258 2460 sunt
271 2428 386 2458 aetatis:
413 2437 451 2458 ex
466 2425 634 2466 deperditis
648 2424 862 2464 superioribus
876 2423 902 2454 si
918 2433 1019 2454 unum
1042 2424 1231 2453 haberemus
1253 2421 1374 2461 Ephori
1396 2431 1556 2453 excessum
1578 2421 1675 2452 histo·

180 2472 285 2503 ricum
299 2472 357 2501 hac
373 2470 412 2500 de
427 2480 460 2500 re
475 2469 598 2509 proprie
613 2469 771 2507 scriptum,
795 2467 887 2507 cujus
902 2467 1087 2497 auctoritate
1105 2466 1139 2495 in
1164 2464 1287 2496 Cadmo
1308 2465 1451 2496 ornando
1473 2464 1575 2495 utitur
1602 2464 1679 2495 Cle-

181 2525 273 2546 mens
288 2514 380 2545 Alex.
400 2513 513 2544 Strom.
530 2512 558 2542 1.
574 2522 603 2551 p.
618 2515 690 2542 506.
707 2511 749 2540 D.
765 2510 877 2545 Paris„
898 2509 1027 2540 fortasse
1042 2509 1131 2548 plura
1147 2513 1325 2538 commenta
1339 2507 1428 2538 nobis
1442 2506 1613 2538 refellenda
1629 2517 1678 2538 es-

181 2562 260 2589 sent.
306 2557 464 2588 Caeterum
480 2555 565 2585 haud
580 2556 643 2585 scio
658 2564 699 2584 an
717 2560 833 2584 temere
849 2563 921 2583 cum
939 2552 1105 2583 Herodoto
1126 2551 1361 2591 conjungantur
1382 2550 1405 2580 ii
1426 2550 1599 2589 scriptores,
1622 2549 1678 2591 qui

181 2599 378 2632 Phoeniciam
393 2599 548 2640 originem
562 2598 645 2633 artis,
671 2607 734 2627 non
750 2598 939 2626 invectorem
957 2595 1116 2626 Cadmum
1131 2594 1267 2624 tradunt.
1313 2593 1398 2628 Huc,
1416 2593 1475 2624 nisi
1491 2592 1589 2628 fallor,
1606 2602 1676 2632 per-

179 2643 276 2675 tinuit
290 2644 378 2674 locus
394 2641 537 2681 Sophocl.
553 2641 586 2670 in
603 2641 792 2674 Pastoribus,
815 2649 909 2679 quem
933 2638 1036 2678 tangit
1060 2638 1198 2678 Hesych.
1224 2646 1253 2667 v.
1272 2637 1426 2672 Φοινικὶοις,
1442 2636 1497 2677 qui
1520 2645 1594 2666 mox
1609 2635 1677 2676 ipse

180 2687 240 2718 hoc
256 2688 363 2717 habet:
394 2684 473 2716 Λυδοὶ
489 2684 641 2718 ιιιιὶἼωνες
659 2685 699 2714 τὰ
715 2684 888 2725 ’γράμματι
903 2683 964 2713 oia-8
981 2681 1108 2715 Φοίνικὸς
1125 2694 1195 2714 τινος
1212 2678 1360 2721 (inflat).

222 2731 242 2761 b
270 2730 316 2760 ΙΙ.
331 2732 381 2760 53.
405 2729 573 2767 Perperam
588 2727 630 2756 ibi
647 2725 781 2756 Wessel.
798 2726 901 2762 verba,
924 2724 1003 2756 οὗτοί
1017 2725 1067 2755 εἶσι
1082 2724 1107 2754 οἱ
1122 2724 1288 2757 ποιήσαντες
1303 2722 1450 2762 θιογοιῖην
1467 2723 1606 2757 ’Έλλησὴ
1631 2721 1676 2752 sic

177 2772 299 2812 accipit.
322 2778 358 2803 ut
381 2771 427 2802 illi
450 2770 514 2801 duo
537 2769 630 2810 primi
656 2770 788 2800 versibus
811 2770 977 2809 exposuisse
1001 2767 1212 2807 theogoniam,
1237 2775 1302 2796 non
1324 2766 1494 2796 condidisse
1521 2764 1675 2795 dicantur.

180 2815 263 2846 Sane
278 2815 321 2846 ita
336 2815 464 2854 ponitur
481 2815 564 2845 ποιεῖν
574 2827 585 2848 ,-
610 2812 664 2842 sed
679 2811 801 2842 dativus
817 2811 848 2840 in
868 2812 925 2841 bac
948 2809 1175 2851 significatione
1189 2808 1275 2839 verbi
1290 2807 1414 2838 additus
1429 2807 1500 2838 luce
1516 2807 1674 2847 exemplo·

178 2868 249 2888 rum
266 2860 388 2899 egebat,
411 2857 516 2898 qualia
537 2855 615 2886 mihi
637 2854 765 2896 quidem
789 2854 949 2894 incognita
975 2859 1057 2884 sunt.
1101 2852 1208 2883 Etiam
1238 2852 1457 2892 Athenagoras
1481 2860 1553 2881 cum
1580 2850 1676 2892 vulgo

179 2902 272 2933 sentit
287 2903 320 2932 in
338 2900 433 2943 Apol.
447 2910 504 2942 pro
520 2899 596 2932 Chr.
613 2909 644 2939 p.
659 2901 739 2934 129„
762 2897 890 2928 laudato
905 2897 959 2927 illo
974 2896 1043 2928 loco
1062 2901 1094 2927 et
1108 2896 1141 2926 in
1156 2894 1345 2926 sententiam
1359 2904 1450 2926 suam
1466 2903 1562 2925 verso.
