1856 3235
637 187 950 232 ὈΜΗΡΟΥ
985 186 1152 233 ΒΙΟΣ.
1549 196 1641 240 387

144 322 372 368 ποδεικνυσι
397 318 550 382 τρόπον,
576 315 611 363 ἕν
633 334 677 363 τε
701 317 859 370 ἀλλοις,
883 314 961 362 καὶ
983 317 1018 362 ἐν
1036 315 1092 368 οἷς
1115 316 1137 361 o‘
1164 317 1332 381 “Em-cog
1367 320 1633 367 καθάπτεται

146 392 198 434 τέ
220 387 388 445 ἀδελφέ,
413 384 597 444 ὀνειδίζων
619 383 734 443 αὐτῷ
759 381 922 436 δειλίαν,
947 380 1024 428 καὶ
1047 382 1292 438 ἀκολασίαν,
1317 403 1390 430 και
1425 383 1487 431 ὅτι
1527 390 1635 432 ron}-

145 472 214 506 τος
235 453 283 498 ὢν
305 452 426 506 ᾖδικει
449 447 577 511 πόῤῥω
599 447 818 510 ἀπῳκισμέ
821 466 895 501 ν8ς,
921 445 1000 493 ὅθεν
1029 451 1158 501 αἴτιος
1191 453 1328 493 κακῶν
1361 454 1444 502 τοῖς
1484 452 1638 504 οἰκείοις

147 519 307 578 ἐγένετο,
377 513 464 562 Και
487 513 508 559 6
529 514 801 576 Ἀλέξανδρος
825 512 955 559 ἐκλύει
979 511 1046 560 τᾶν
1063 512 1200 576 θυμὸν
1217 518 1270 560 a}
1284 514 1454 572 αδελφες,
1471 516 1635 597 δικαίως

147 583 472 636 ἐπιπλῆσσεσὸαι
496 578 908 640 συγκατατιθέμενος,
931 598 1007 625 και
1035 581 1094 641 τῷ
1133 578 1398 639 ὑποσχέσθαι
1435 581 1502 634 τὴν
1539 581 1635 645 πρὸς

147 648 212 696 τᾶν
233 647 436 694 Μενέλαον
458 647 600 707 μάχην
623 644 904 707 απολυόμονος
927 643 975 690 τὰ
999 644 1195 707 ἔγκλημα
1219 648 1290 698 τῆς
1313 645 1474 698 δειλ.ιας

214 710 337 760 Kolt
322 731 382 758 οτι
405 710 477 774 μὲν
500 730 684 772 τεχνιτης
705 711 836 770 λόγων
854 710 1098 774 ”Ομηξος,
1083 711 1169 763 πᾶς
1191 730 1254 763 τις
1277 711 1327 757 οἲν
1348 715 1451 758 ειποι
1477 711 1519 758 εὖ
1544 725 1633 776 φρο-

143 798 218 826 νων.
289 778 422 831 Δῆλα
445 775 527 841 γοὶξ
549 796 623 823 και
646 795 704 823 τοι
727 777 845 822 οἴλλα
869 777 909 830 ἐξ
932 777 1061 829 αὐτῆς
1093 779 1165 830 τῆς
1199 777 1466 836 ἀναγνώσεως.
1537 780 1635 824 Οὐκ

142 843 312 907 ἠμέλησε
337 842 376 890 δὲ
401 843 466 890 ἑδὲ
489 843 791 907 χαρακτηξίσαι
814 860 887 895 τ8ς
920 840 1096 905 ῥῆτοξας.
1165 841 1248 889 Τόν
1269 841 1341 904 μὲν
1371 840 1454 906 γοὶο
1473 842 1636 908 Νέςοξα

141 908 232 963 ἦδῦν
254 928 328 955 και
353 912 518 973 πξοςηνῆ
537 927 619 962 τοις
641 908 809 954 ἀκ88σιν
843 909 1003 968 εἱςοίγει·
1035 906 1101 955 τόν
1126 906 1166 955 δὲ
1193 908 1402 956 Μενέλαον
1423 910 1637 972 βραχυλό-

141 993 224 1035 γον,
248 994 323 1021 και
347 974 522 1039 εὕχαξιν,
545 994 619 1021 και
654 994 706 1021 τ8
733 973 969 1038 προκειμένες
1001 975 1279 1035 τυγχάνοντα·
1313 973 1379 1021 τόν
1414 974 1486 1022 δὲ’
1497 975 1637 1021 Οδυσ-

141 1040 229 1095 σέα,
254 1043 393 1104 πολλῇ
414 1061 488 1088 και
512 1043 645 1104 πυκνῇ
667 1043 718 1104 τῇ
738 1040 925 1094 δεινότητι
943 1044 1018 1086 τῶν
1040 1039 1171 1100 λόγων
1193 1040 1439 1105 κεχρημένον.
1476 1043 1634 1088 Ταῦτα

143 1125 224 1169 γαξ
247 1111 328 1159 τοῖς
351 1106 441 1153 δυσι
462 1107 599 1159 τέςτοις
620 1106 754 1170 ἥρωσιν
778 1106 799 1152 ὁ
821 1107 1025 1189 ’,Αντῆνωξ
1054 1125 1257 1171 μαξτυξει,
1293 1107 1456 1160 ἀκέσας
1490 1108 1635 1162 αὐτῶν,

144 1171 265 1218 ὁπότε
289 1173 571 1236 πρεσβευοντες
594 1173 788 1231 ἀφικοντο
805 1173 858 1225 εἰς
879 1171 948 1226 την
967 1173 1102 1218 ”.Ιλιον

213 1237 301 1284 Καὶ
322 1238 486 1292 ταύτας
508 1237 586 1292 τὰς
609 1238 718 1292 ἰδέας
740 1243 814 1285 τῶν
836 1238 967 1298 λόγων
983 1238 1174 1302 ”Ομηξος
1196 1238 1404 1302 παξίςησιν
1427 1237 1565 1294 αὐτὸς,
1601 1240 1635 1285 ἐν

143 1305 196 1366 τῇ
218 1305 371 1358 ποιῆσει
395 1304 528 1360 δείξας
552 1306 707 1367 ἁπάσῃ.
778 1304 880 1351 Οἵδε
905 1304 944 1351 δὲ
967 1303 1043 1351 καὶ
1059 1303 1127 1358 τὴν
1150 1305 1357 1352 ἀντίθεσιν
1387 1309 1462 1351 τῶν
1495 1305 1638 1365 λόγων,

145 1368 210 1416 ἀει
232 1373 308 1416 τῶν
331 1371 509 1417 ἐναντίων
532 1370 599 1417 ἐπι
621 1369 776 1424 παντὸς
805 1371 1058 1452 πράγματος
1091 1370 1307 1433 τιθεμένων,
1342 1390 1417 1418 και
1451 1369 1500 1417 τό
1534 1370 1639 1417 αὐτὸ

143 1436 539 1515 κατασκευαζόντων
560 1456 635 1483 και
670 1436 917 1499 ἀναιοὲντων,
944 1434 1013 1483 διοὶ
1035 1456 1103 1490 την
1139 1437 1324 1500 ευποξίαν
1363 1440 1434 1490 τῆς
1468 1440 1640 1497 λογικης

142 1499 265 1555 ἕξεως.
335 1501 449 1555 Φησι
471 1501 564 1566 γάρ·
601 1502 789 1567 Στξεπτη
813 1501 853 1550 δε
877 1503 1028 1563 γλωσσ’
1062 1501 1117 1552 έςι
1150 1506 1315 1567 βροτῶν,
1351 1502 1490 1556 πολέες
1515 1503 1547 1549 δ’
1590 1523 1638 1550 ενι

142 1569 291 1628 μῦθοι,
317 1569 556 1615 Παντοιων’
545 1568 664 1615 επέων
683 1568 722 1616 δὲ
745 1568 876 1622 πολυς
899 1567 1017 1632 νομὰς
1040 1568 1140 1615 ἔνθα·
1163 1568 1374 1616 Οπποιόν
1396 1567 1434 1615 κ’
1455 1571 1638 1623 ειπησῧα

147 1631 254 1688 ἔπος,
278 1652 380 1679 τοιον
403 1634 442 1680 κ’
471 1635 688 1697 ἐπακὲσης.

210 1698 452 1748 ΗΕπιςαται
470 1699 510 1747 δὲ
533 1705 675 1747 ταῦτα
698 1720 772 1747 και
798 1698 867 1747 δια
890 1704 1051 1747 πολλῶν
1074 1700 1219 1782 λέγειν,
1242 1720 1316 1747 και
1342 1699 1389 1747 δι’
1427 1700 1571 1760 ὀλίγων
1607 1701 1642 1748 έ-

142 1765 545 1846 παναλαμβάνειν,’
531 1765 625 1831 όπεξ
646 1772 839 1813 καλειται
862 1766 1234 1825 ἁνακεφαλαίωσις,
1257 1786 1331 1813 και
1357 1766 1430 1816 ἐ’ςιν
1454 1767 1488 1813 έν
1506 1768 1641 1830 χξῇσει

143 1828 262 1894 παξοὶ
284 1850 367 1885 τοις
388 1830 573 1896 ῥητοξσιν,
600 1832 755 1881 ὁπόταν
778 1832 842 1896 δέη
865 1831 1008 1879 πολλα
1030 1833 1274 1897 πράγματα
1297 1833 1475 1897 εἰρημένα
1511 1833 1645 1896 ἀναμ-

144 1972 240 1996 entes.
286 1967 503 1999 Accusationis
517 1978 656 2008 namque
672 1974 704 1999 et
717 1968 912 2009 purgationis
927 1968 1058 2000 modum
1075 1979 1149 2000 cum
1171 1968 1204 1999 in
1227 1969 1296 2000 aliis
1318 1975 1552 2018 commonstrat,
1575 1975 1645 2000 tum

145 2008 177 2038 in
194 2010 307 2049 quibus
322 2011 443 2040 Hector
456 2021 643 2051 germanum
660 2017 752 2047 taxat,
769 2012 970 2042 timiditatem
991 2018 1022 2042 et
1043 2011 1306 2043 incontinentiam
1329 2013 1357 2043 ei
1382 2014 1586 2052 exprobrans:
1614 2020 1645 2043 et

147 2052 239 2092 quod,
256 2063 354 2093 quum
366 2054 435 2084 talis
447 2061 533 2090 esset,
549 2060 655 2085 tamen
671 2054 815 2085 homines
829 2055 938 2094 procul
953 2054 1098 2085 dissitos·
1089 2055 1207 2095 injuria
1221 2055 1387 2105 affecisset,
1398 2055 1483 2086 unde
1499 2056 1563 2086 suis
1577 2065 1643 2085 ma-

146 2094 251 2125 lorum
271 2102 380 2126 auctor
400 2097 558 2128 extitisset.
603 2097 784 2128 Alexander
805 2108 879 2128 vero
899 2098 1043 2138 germani
1064 2098 1354 2129 excandescentiam
1378 2098 1411 2128 in
1435 2099 1495 2128 hoc
1517 2099 1642 2139 frangit,

146 2138 232 2178 quod
246 2149 279 2169 se
289 2139 360 2179 jure
374 2139 494 2179 optimo
508 2140 693 2180 reprehendi
707 2141 746 2171 ab
761 2141 816 2172 illo
838 2141 967 2171 fatetur:
993 2147 1025 2172 et
1046 2141 1222 2172 timiditatis
1243 2141 1361 2173 crimen
1384 2141 1542 2178 amolitur,
1565 2142 1643 2173 dum

147 2181 313 2220 pollicetur
326 2193 358 2212 se
373 2183 525 2224 singulari
540 2184 710 2214 certamine
726 2195 799 2215 cum
817 2184 967 2215 Menelao
982 2194 1232 2225 congressurum.

192 2224 372 2255 Homerum
389 2226 493 2267 itaque
503 2227 626 2257 dicendi
638 2227 787 2258 artificem
800 2238 874 2263 esse,
890 2238 985 2258 nemo
995 2236 1078 2259 recte
1090 2228 1226 2259 sentiens
1238 2228 1406 2278 negaverit.
1429 2228 1556 2268 Quippe
1571 2239 1645 2258 cum

146 2273 178 2298 et
192 2267 255 2298 alia
269 2268 500 2300 evidentissima
515 2271 657 2310 exempla
672 2281 708 2300 ex
726 2282 763 2301 eo
779 2270 893 2301 adduci
908 2271 1033 2310 possint.
1058 2282 1120 2302 non
1138 2271 1277 2311 neglexit
1291 2277 1396 2302 autem
1412 2271 1490 2312 quin
1507 2271 1647 2312 singulas

147 2311 281 2351 singulis
295 2313 467 2343 oratoribus
481 2313 605 2344 dicendi
621 2315 738 2345 formas
752 2314 947 2345 attribueret·
985 2315 1150 2345 Nestorem
1167 2325 1303 2350 suavem,
1320 2322 1352 2345 et
1366 2314 1560 2346 auditoribus
1575 2325 1646 2356 gra-

147 2360 231 2384 tum:
262 2355 446 2386 Menelaum
470 2367 543 2387 vero
559 2357 701 2387 brevitati
717 2358 907 2394 studentem,
930 2364 962 2388 et
976 2359 1123 2397 propositi
1141 2364 1371 2398 assequentem:
1401 2358 1548 2398 Ulyssem
1576 2369 1648 2388 vero

146 2397 249 2428 multa
264 2405 294 2427 et
309 2398 405 2429 densa
420 2401 582 2430 verborum
598 2400 802 2440 suppellectili
819 2407 970 2431 utentem.
1016 2402 1098 2431 Haec
1113 2402 1197 2432 enim
1218 2404 1363 2432 Antenor
1377 2401 1416 2432 de
1431 2401 1556 2432 duobus
1578 2401 1647 2432 He-

148 2440 278 2471 roibus
271 2441 335 2471 istis
350 2447 488 2479 testatur,
511 2442 595 2484 quod
610 2453 663 2474 eos
678 2444 858 2482 audivisset,
881 2443 1008 2485 quando
1023 2444 1181 2486 logatione
1195 2445 1365 2486 fungentes
1388 2444 1485 2475 Ilium
1501 2455 1650 2483 pervene-

148 2489 227 2513 rant.

194 2527 300 2567 Atque
314 2528 371 2558 has
385 2527 511 2559 dicendi
525 2529 643 2568 species
659 2529 899 2568 Homerusipse
921 2530 1035 2570 passim
1061 2531 1094 2560 in
1121 2541 1179 2561 sua
1205 2531 1290 2570 poesi
1313 2531 1485 2566 insinuans,
1513 2531 1646 2561 exhibet.

151 2569 246 2600 Novit
260 2577 366 2601 autem
381 2578 411 2601 et
426 2572 604 2602 orationum
620 2573 863 2608 contentionem,
879 2583 941 2614 qua
957 2583 1079 2614 semper
1101 2574 1134 2605 in
1156 2575 1245 2605 omni
1269 2575 1397 2616 negotio
1419 2574 1574 2605 contraria
1595 2584 1651 2613 po-

152 2619 282 2649 nuntur,
303 2621 339 2644 ut
352 2624 407 2654 per
421 2615 612 2654 probabilem
637 2616 762 2647 dicendi
786 2616 967 2647 facultatem
985 2617 1069 2647 idern
1093 2623 1125 2648 et
1146 2619 1285 2657 probent,
1310 2624 1342 2649 et
1363 2618 1552 2657 improbent.
1596 2618 1653 2647 Ait

150 2655 251 2686 enim·
279 2659 441 2689 Ρίετὶὁῖίιε
456 2669 632 2699 quanquam
651 2662 689 2690 sic
711 2662 822 2700 lingua
845 2662 1011 2696 hominum,
1034 2663 1196 2701 variusque
1220 2663 1320 2692 Sermo
1343 2663 1415 2692 Ιιὶηε
1436 2663 1601 2695 exoriatur,
1624 2666 1652 2691 et

150 2700 311 2738 omnigena
327 2703 448 2741 regione
465 2703 542 2733 Huc
557 2704 631 2734 illuc
651 2705 751 2734 volitet
776 2705 904 2734 multus.-
936 2710 1052 2734 constat
1077 2711 1179 2735 tamen
1203 2706 1291 2741 illud,
1320 2706 1432 2739 Qualia
1456 2705 1542 2735 verba
1556 2703 1655 2744 facis,

154 2743 234 2781 quod
249 2744 325 2773 talia
342 2755 409 2774 moa·
425 2745 579 2787 tibifient.

201 2784 300 2816 Novit
314 2791 420 2818 autem
434 2787 544 2819 eadem
561 2795 591 2818 et
606 2789 760 2828 copiosius
774 2789 886 2826 dicere,
909 2796 941 2820 et
960 2790 1085 2820 brevius
1099 2797 1247 2830 repetere,
1272 2790 1304 2821 id
1321 2790 1404 2831 quod
1429 2788 1660 2829 Recapitulatio

155 2833 294 2865 vocatur,
317 2835 349 2860 et
361 2830 448 2871 apud
466 2831 637 2863 Oratores
629 2842 663 2862 111
678 2843 739 2863 usu
755 2839 809 2870 est,
832 2833 958 2874 quando
977 2834 1140 2875 negotium
1156 2833 1292 2874 postulat
1306 2843 1373 2864 rem
1389 2832 1532 2873 pluribus
1546 2831 1661 2862 dictam
