1856 3235
229 224 248 262 1
258 225 317 262 52
670 211 1233 263 PROLEGOMENA.

218 345 375 392 tiones
409 350 494 391 aut
530 343 592 391 ad
626 352 767 392 vetus
809 344 1055 407 exemplar
1093 342 1403 408 confugiunt,
1438 343 1582 391 surda
1603 345 1702 408 ple-

215 426 422 473 rumque
437 409 649 468 oracula,
668 410 759 457 nisi
780 418 1059 458 constanter
1079 410 1457 458 consulentibus·
1526 409 1702 473 Neque

214 474 424 522 multum
450 475 638 522 diversa
672 475 795 522 ratio
837 484 910 522 est
941 491 1126 532 eorum,
1164 476 1264 538 qui,
1289 475 1597 538 quantumvis
1631 476 1702 522 in-

214 540 409 588 terdum
434 540 567 588 docti
603 557 660 588 ac
701 540 935 597 sollertes,
973 556 1166 587 omnem
1209 541 1597 588 emendationem
1640 557 1702 588 ex

215 606 399 670 aliquot
420 606 651 654 librorum
678 604 822 651 MSS.
848 605 943 652 fide
969 621 1249 668 suspensam
1268 622 1370 653 esse
1394 606 1583 663 volunt,
1619 613 1704 653 aut

214 672 296 735 qui
319 680 471 729 texta,
496 688 603 734 quae
627 677 885 727 vocantur,
916 669 1060 732 plane
1091 670 1246 717 edunt
1285 671 1347 718 ad
1368 671 1511 718 unius
1543 687 1704 719 exem-

210 737 369 801 plum3
407 737 543 785 velut
564 735 643 782 isti
667 735 865 782 tandem
887 734 997 782 libri
1023 735 1085 782 ad
1103 735 1349 799 scriptoris
1374 736 1576 783 salutem
1590 735 1702 783 fatis

214 803 442 850 destinati
468 808 643 849 essent.

278 869 359 916 Ab
384 868 477 915 hoc
500 867 682 914 leviore
708 873 757 913 et
781 865 917 929 quasi
941 865 1206 915 desultorio
1233 882 1413 929 genere
1437 865 1699 929 plurimum

213 934 455 997 discrepat
486 932 636 996 justa,
673 942 910 995 perpetua
951 939 1001 979 et
1041 932 1186 979 certis
1222 931 1335 978 artis
1371 931 1561 994 legibus
1584 932 1701 978 nixa

209 999 445 1047 recensio.
516 998 576 1044 In
600 997 683 1044 illo
706 997 827 1043 nihil
862 1013 1014 1060 prope
1055 996 1205 1054 aliud,
1243 1013 1385 1060 quam
1420 997 1595 1060 passim
1619 1013 1702 1044 ex-

210 1065 388 1113 stantia
411 1063 633 1126 aliquove
669 1062 794 1109 libro
817 1062 1010 1125 prodita
1032 1062 1236 1109 vulnera
1258 1078 1425 1109 sanare
1449 1060 1700 1122 volumus;

207 1129 580 1178 transmittimus
598 1128 754 1191 plura,
779 1128 840 1174 ad
864 1143 1058 1175 sensum
1083 1127 1280 1190 quidem
1302 1128 1431 1174 bona
1454 1135 1504 1174 et
1527 1128 1701 1176 tolera-

208 1196 340 1252 bilia,
376 1194 462 1241 sed
508 1194 569 1240 ad
615 1192 960 1239 auctoritatem
1019 1192 1172 1239 nihilo
1216 1191 1416 1239 meliora
1463 1193 1698 1256 pessimis.

206 1260 349 1310 Justa
372 1267 535 1306 autem
576 1258 815 1315 recensio,
848 1259 1088 1304 bonorum
1124 1257 1560 1305 instrumentorum
1599 1274 1700 1305 om-

206 1327 342 1374 nium
368 1325 543 1388 stipata
576 1323 820 1387 praesidio,
839 1323 1020 1386 ubique
1043 1338 1207 1370 veram
1231 1338 1428 1369 manum
1452 1323 1701 1387 scriptoris

204 1393 430 1449 rimatur3
469 1390 722 1453 scripturae
748 1388 1002 1452 cujusque,
1026 1404 1125 1436 non
1149 1388 1295 1435 modo
1319 1396 1578 1452 suspectae,
1605 1396 1700 1437 tes-

203 1467 278 1506 tes
315 1457 485 1505 ordine
525 1456 813 1518 interrogat,
855 1463 905 1502 et
945 1471 1090 1518 quam
1125 1471 1292 1502 omnes
1325 1461 1566 1512 annuunt,
1601 1471 1701 1502 non

203 1524 297 1572 nisi
320 1521 614 1588 gravissimis
639 1520 700 1568 de
727 1520 882 1570 causis
895 1519 1006 1567 loco
1029 1528 1194 1568 movet
1203 1540 1218 1580 ;
1256 1519 1365 1577 alia,
1379 1537 1466 1584 per
1485 1536 1535 1567 se
1552 1520 1700 1584 scrip-

203 1599 310 1638 tore
336 1588 634 1652 dignissima,
671 1595 720 1634 et
744 1586 807 1633 ad
845 1586 1099 1633 veritatem
1135 1603 1220 1633 seu
1261 1585 1552 1649 elegantiam
1594 1602 1700 1634 sen-

200 1655 371 1706 tentiae
395 1653 596 1718 optima,
633 1668 730 1699 non
765 1651 857 1699 nisi
895 1650 1236 1715 suffragatione
1273 1651 1473 1698 testium
1495 1651 1697 1715 recipit;

200 1721 333 1770 haud
368 1736 475 1767 raro
511 1719 651 1776 ade0,
688 1717 977 1782 cogentibus
1013 1717 1124 1775 illis,
1160 1734 1248 1781 pro
1287 1717 1506 1764 venustis
1546 1716 1696 1765 infert

201 1788 361 1835 minus
384 1793 613 1843 venusta3
655 1783 923 1847 emplastris
947 1782 1117 1831 solutis
1149 1782 1315 1831 ulcera
1344 1782 1522 1841 nudat3
1561 1782 1696 1830 deni-

201 1870 296 1917 que
319 1868 416 1899 non
443 1857 708 1898 monstrata
724 1849 897 1907 solum,
920 1857 978 1896 ut
1000 1848 1113 1896 mali
1137 1848 1334 1906 medici,
1359 1848 1445 1896 sed
1469 1857 1519 1895 et
1541 1847 1694 1896 laten-

198 1921 267 1967 tia
289 1918 406 1966 vitia
431 1925 584 1965 curat.
656 1915 767 1964 Hac
801 1916 852 1962 in
876 1916 1062 1967 ratione
1086 1914 1279 1962 tametsi
1302 1914 1503 1978 ingenio
1527 1922 1577 1961 et
1600 1914 1695 1961 arti

201 1983 512 2048 conjectandi
528 1981 888 2029 minime·locus
913 1981 1068 2038 deest,
1092 1990 1256 2028 tamen
1282 1980 1510 2044 quoniam
1535 1980 1691 2027 omnis

198 2050 376 2100 veteris
401 2049 655 2112 scripturae
677 2047 797 2095 fides
823 2048 881 2094 ab
905 2046 1200 2110 incorruptis
1224 2045 1553 2094 monumentis
1574 2061 1693 2109 pen-

200 2117 302 2174 det,
337 2123 452 2162 ante
476 2114 639 2162 omnia
663 2120 737 2161 est
760 2112 1125 2170 elaborandum,
1165 2112 1216 2160 id
1241 2112 1372 2175 quod
1416 2111 1520 2159 fieri
1557 2118 1692 2159 certe

195 2182 368 2245 nequit
391 2181 494 2228 sine
518 2180 735 2243 ingenio,
772 2187 829 2226 ut
850 2177 1080 2235 fontium,
1116 2178 1248 2225 unde
1284 2177 1521 2241 cujusque
1545 2176 1693 2241 scrip-

195 2249 312 2297 toris
338 2255 502 2294 textus
533 2245 800 2302 hauriatur,
834 2244 1155 2308 proprietates
1197 2251 1247 2291 et
1281 2242 1574 2306 singularem
1610 2258 1692 2289 na-

197 2323 355 2363 turam
382 2314 679 2368 scrutemur3
717 2310 875 2357 varios
899 2318 1066 2367 testes,
1092 2326 1179 2372 per
1212 2308 1387 2357 classes
1412 2316 1462 2356 et
1483 2307 1689 2355 familias

197 2378 472 2443 dispositos,
515 2393 576 2424 ex
617 2393 702 2424 sua
742 2392 984 2439 quemque
1024 2374 1189 2422 indole
1230 2375 1505 2431 metiamur,
1540 2381 1689 2437 atque

193 2444 460 2496 calliditate
485 2443 711 2506 quadam,
735 2458 827 2490 nec
852 2441 934 2489 illa
956 2450 1121 2489 tamen
1158 2441 1355 2505 cupida,
1391 2456 1559 2488 eorum
1584 2448 1689 2486 tan-

193 2526 337 2577 quam
360 2525 506 2557 voces
544 2517 594 2556 et
627 2517 776 2556 nutus
812 2507 1039 2572 excipere
1078 2507 1334 2555 discamus.
1404 2505 1603 2553 Etenim
1636 2505 1688 2552 in

191 2576 412 2643 plurimis
437 2575 580 2622 rebus
605 2583 656 2622 et
680 2574 883 2632 critico,
919 2582 969 2622 et
993 2573 1275 2637 quicunque
1300 2571 1388 2620 sibi
1413 2587 1516 2619 rem
1540 2570 1688 2618 histo-

192 2644 344 2692 ricam
369 2640 719 2704 exquirendam
745 2640 966 2704 sumpsit,
1006 2639 1242 2687 imitanda
1265 2645 1339 2686 est
1367 2637 1484 2684 boni
1501 2636 1690 2700 judicis

194 2707 500 2759 consuetudo
538 2715 587 2754 et
617 2705 903 2770 prudentia;
942 2705 1024 2770 qui
1048 2705 1198 2769 prius,
1235 2702 1354 2774 quid
1388 2711 1537 2750 testes
1576 2701 1687 2750 affe-

191 2783 318 2833 rant,
341 2773 474 2821 lente
499 2771 738 2835 explorat,
776 2780 826 2820 et
850 2772 1013 2820 omnia
1035 2770 1252 2819 veritatis
1276 2776 1565 2833 argumenta
1589 2767 1687 2816 col-

189 2842 318 2905 ligit,
353 2855 499 2907 quam
531 2838 601 2886 rei
637 2845 789 2902 gestae
826 2838 1161 2902 conjecturam
1202 2851 1337 2884 suam
1374 2835 1687 2898 interponere

190 2908 381 2955 audeat.
454 2905 532 2953 Ac
558 2920 620 2953 ne
642 2911 807 2968 potest
830 2904 1029 2967 quidem
1060 2903 1182 2959 fieri,
1220 2910 1276 2951 ut
1309 2901 1393 2965 qui
1415 2900 1586 2965 paucis
1610 2915 1689 2948 co·
