1856 3235
222 241 318 281 242
681 231 1240 282 PROLEGOMENA.

229 379 397 413 corum
421 379 619 426 operum
643 380 818 428 magna
840 364 1155 423 familiaritas;
1187 370 1244 410 ut
1267 361 1601 422 Onomacrito‚
1626 382 1710 414 cu-

220 429 303 493 jus
328 428 540 477 celebres
562 429 957 492 interpolationes
982 429 1168 492 Orphei
1203 435 1252 476 et
1294 429 1468 477 Musaei
1509 430 1571 477 ad
1608 431 1711 495 ipsa

227 494 490 558 primordia
529 495 800 558 scriptionis
824 494 1126 541 retrahendae
1157 501 1285 540 sunt.

295 560 627 608 Temerarium
668 567 807 623 puto,
859 576 919 606 ex
955 575 1147 621 quoque
1189 559 1489 608 deverticulo
1528 559 1709 608 fabula-

228 642 336 672 rum
359 625 563 688 vestigia
585 625 795 672 historiae
818 624 1122 686 exsculpere:
1160 623 1370 687 alioquin
1406 625 1478 673 his
1521 625 1712 689 conjec-

228 691 349 738 turis
373 691 583 739 colorem
609 697 659 737 et
681 690 825 736 fidem
851 705 1115 752 quaererem
1141 705 1201 736 ex
1242 706 1315 745 eo,
1353 691 1484 752 quod
1518 691 1567 738 in
1609 691 1711 738 istis

231 756 518 804 commentis
543 755 983 802 Grammaticorum
1009 761 1059 801 et
1081 754 1209 817 apud
1242 754 1437 801 Suidam
1463 756 1711 804 Pisistrato

231 822 503 885 complures
544 820 661 868 socii
698 821 854 883 operis
890 819 1245 867 adscribuntur.
1333 820 1406 867 At
1443 830 1713 869 memoratu

228 887 535 951 dignissimus
560 893 631 934 est
653 885 789 933 locus
814 884 1061 932 Pausaniae
1085 891 1197 932 ante
1222 884 1409 940 allatus,
1447 886 1530 933 ubi
1561 903 1712 949 quum

229 926 311 1000 dea:
314 952 547 1000 varietate
570 950 778 998 nominis
820 949 877 998 Il.
903 948 965 1012 β’.
991 956 1102 1000 573.
1138 950 1254 1013 agit,
1292 951 1469 998 diserte
1510 952 1714 999 mentio-

229 1034 341 1065 nem
365 1016 485 1064 facit
509 1016 746 1063 Pisistrati
772 1015 1019 1061 amicorum
1042 1022 1090 1062 et
1119 1015 1384 1076 adjutorum
1414 1017 1461 1062 in
1484 1018 1640 1064 Iliade
1663 1018 1715 1064 li-

229 1083 340 1130 teris
361 1083 624 1128 mandanda
640 1086 656 1103 ³
667 1101 686 1138 ;
725 1086 779 1126 ut
803 1078 933 1127 clare
956 1087 1198 1143 appareat,
1237 1097 1339 1128 rem
1363 1098 1391 1128 a
1413 1082 1551 1129 nobis
1574 1098 1713 1130 reno-

226 1154 388 1194 vatam
413 1145 662 1194 Pausaniae
684 1152 828 1194 aetate
852 1145 1071 1193 nondum
1110 1145 1253 1209 plane
1295 1147 1598 1196 obscuratam
1636 1147 1712 1195 fu-

227 1228 336 1260 isse.

859 1410 1075 1460 XXXV.

297 1543 420 1592 Haec
462 1559 611 1608 quum
651 1542 719 1591 ita
760 1542 869 1599 sint,
924 1544 1012 1590 sub
1052 1541 1255 1606 imperio
1302 1541 1709 1592 Pisistratidarum

228 1609 423 1658 Graecia
445 1610 655 1673 primum
679 1615 844 1656 vetera
869 1609 1095 1656 Carmina
1134 1616 1298 1655 vatum
1338 1609 1572 1655 mansuris
1612 1625 1712 1657 mo-

227 1675 474 1723 numentis
500 1674 773 1738 consignari
795 1673 932 1720 vidit.
1004 1673 1271 1737 Talemque
1312 1681 1505 1721 aetatem
1529 1675 1616 1721 sub
1642 1675 1712 1721 in-

230 1740 472 1788 cunabula
493 1740 741 1787 literarum
777 1747 826 1786 et
865 1739 1056 1802 majoris
1099 1738 1258 1786 cultus
1300 1739 1453 1786 civilis
1494 1740 1624 1803 apud
1661 1757 1711 1788 se

227 1806 456 1853 viderunt
479 1805 640 1870 plures
671 1805 905 1860 nationes,
945 1821 1146 1867 quarum
1187 1805 1482 1868 comparatio
1518 1822 1712 1853 accura-

226 1878 278 1918 te
313 1871 536 1919 instituta
558 1871 629 1927 iis,
668 1887 775 1934 quae
797 1870 877 1918 hic
905 1871 1218 1933 disputamus,
1256 1870 1464 1917 multum
1498 1870 1621 1918 lucis
1646 1870 1711 1918 af-

226 1936 353 1984 ferre
377 1937 542 2000 possit.
611 1937 754 1992 Nam,
797 1943 852 1983 ut
893 1935 1011 1982 duas
1052 1936 1208 1983 obiter
1246 1943 1458 1999 tangam,
1497 1945 1547 1983 et
1585 1936 1712 1984 inter

228 2018 278 2049 se
321 2010 371 2050 et
409 2001 597 2050 Graecis
637 2002 769 2048 omni
803 2008 939 2064 parte
963 2000 1313 2056 dissimillimas,
1357 2008 1546 2048 constat
1585 2001 1712 2049 inter

230 2067 414 2141 doctos,
452 2068 503 2114 in
528 2067 790 2115 Germania
830 2074 1005 2122 nostra,
1043 2083 1149 2130 quae
1190 2066 1455 2140 domestica
1494 2066 1620 2114 bella
1659 2074 1710 2115 et

227 2133 502 2206 plincipum
557 2133 835 2196 ducumque
883 2148 1077 2179 suorum
1130 2140 1268 2196 gesta
1303 2131 1404 2195 jam
1450 2139 1563 2180 ante
1615 2132 1708 2180 Ta-

227 2198 380 2245 citum
429 2199 732 2246 Carminibus
779 2197 1121 2253 celeblaverat‚
1174 2197 1259 2245 has
1310 2197 1542 2261 primitias
1577 2198 1710 2246 rudis

226 2262 411 2327 ingenii
451 2282 479 2310 a
514 2264 688 2312 Carolo
731 2263 803 2310 Μ.
845 2263 1044 2310 tandem
1087 2262 1313 2311 collectas
1354 2279 1455 2310 esse
1496 2270 1544 2311 et
1577 2263 1709 2311 libris

225 2329 501 2388 mandatas;
538 2330 751 2403 itemque
777 2328 965 2376 Arabes
990 2344 1087 2376 non
1124 2336 1236 2376 ante
1262 2328 1381 2376 VII.
1407 2345 1516 2376 saec.
1541 2329 1709 2376 incon-

227 2394 377 2441 ditam
422 2395 590 2458 poesin
630 2395 842 2458 priorum
885 2402 1082 2442 aetatum
1128 2394 1360 2442 memoria
1396 2401 1708 2468 propagatam

223 2459 593 2508 collectionibus
631 2461 907 2522 (Divcmis)
952 2460 1362 2524 comprehendere
1387 2460 1604 2523 coepisse,
1641 2460 1709 2523 ip-

223 2542 426 2589 sumque
453 2526 696 2573 Coranum
736 2525 1012 2573 diversitate
1035 2527 1296 2589 primorum
1319 2532 1544 2573 textuum
1585 2525 1709 2573 simi-

222 2590 320 2638 lem
348 2591 565 2639 Homero
588 2592 832 2638 fortunam
855 2590 1011 2639 fateri.
1082 2591 1262 2639 Praeter
1300 2591 1387 2638 hos
1412 2598 1461 2638 et
1485 2590 1601 2638 alios
1624 2608 1705 2654 po-

222 2656 363 2719 pulos
389 2657 696 2720 comparandi
723 2664 866 2704 erunt
893 2656 1105 2713 Hebraei,
1143 2656 1273 2721 apud
1304 2673 1423 2720 quos
1457 2655 1704 2704 literarum

223 2730 275 2770 et
328 2723 690 2771 scribendorum
735 2722 966 2770 librorum
1018 2739 1130 2770 usus
1184 2722 1301 2769 mihi
1338 2721 1533 2786 quidem
1572 2722 1704 2770 haud

262 2872 282 2891 a
297 2861 339 2894 ’Ἣ
360 2863 446 2896 αὐτὸν
473 2863 695 2906 Πεισίστρατον,
715 2861 733 2897 n'
763 2867 834 2894 TON
857 2867 946 2895 TlNA
971 2863 1163 2902 ’,ΕΤΑῙΡΩΝ
1192 2874 1388 2903 μεταποιῆσαι
1412 2861 1446 2895 τὸ
1467 2861 1552 2903 ὄνομα
1574 2861 1628 2893 nimi
1629 2859 1702 2904 ἆγ-

229 2904 296 2941 σι’-ας
