1856 3235
238 266 330 306 ‘252
726 256 1282 308 PROLEGOMENA.

305 388 433 436 Nam
455 386 549 444 fac,
585 388 717 451 quod
744 405 805 437 ne
846 389 985 438 aliter
1025 389 1221 453 quidem
1258 388 1373 452 fingi
1416 403 1502 450 per
1537 387 1726 436 histori-

241 470 318 502 am
350 453 483 510 licet,
520 453 691 502 decem
727 454 806 502 vel
844 455 1019 518 viginti
1051 454 1344 518 exemplaria
1374 461 1484 517 post
1517 453 1726 516 primum

239 518 362 567 illud
396 519 646 583 scripturae
690 527 940 568 tentamen
977 537 1004 566 a
1041 519 1154 567 viris
1193 519 1405 582 privatis,
1459 526 1515 565 ut
1546 525 1665 581 puta
1703 534 1732 564 a

242 584 506 648 rhapsodis,
557 583 688 632 facta
734 601 857 632 esse:
916 600 1079 632 annon
1112 584 1164 630 in
1205 601 1261 632 ea
1297 585 1458 631 statim
1497 582 1728 647 plurimas

242 649 529 698 variationes
574 649 739 696 inferri
775 649 1005 713 oportuit,
1041 648 1218 712 partim
1253 665 1313 696 ex
1346 649 1487 695 variis
1525 648 1729 695 recitan-

243 715 293 763 di
316 715 485 770 modis,
509 715 685 778 partim
710 731 769 762 ex
804 715 1056 778 ingeniosa
1077 713 1278 761 libidine
1316 713 1726 761 describentium?

244 779 534 843 Quanquam
568 780 695 827 enim
719 778 854 826 nullo
877 787 1096 842 tempore
1132 779 1329 826 evanuit
1363 778 1493 841 apud
1527 778 1730 826 Graecos

242 845 488 909 persuasio
535 844 595 892 de
641 844 804 892 divina
849 844 1034 908 origine
1073 843 1278 891 Homeri
1327 843 1414 899 sui,
1465 850 1628 890 tamen
1677 843 1729 889 in

244 909 347 973 ejus
387 909 620 966 oratione,
658 909 783 957 sicut
826 909 877 955 in
914 909 1330 972 interpretatione,
1368 924 1616 971 nunquam
1650 907 1730 956 de·

245 976 430 1022 sierunt
473 991 656 1022 summa
700 974 898 1022 levitate
945 983 1132 1021 mutare
1178 973 1430 1037 quidlibet,
1469 973 1727 1036 corrigere,

244 1039 430 1103 fingere
483 1040 544 1086 ad
588 1039 795 1095 libitum,
850 1047 906 1087 ut
958 1039 1238 1102 dignissima
1273 1039 1469 1086 demum
1517 1038 1730 1085 numinis

240 1104 402 1152 afflatu
441 1102 723 1167 profaretur.
811 1105 985 1168 Neque
1032 1105 1126 1152 hoc
1162 1103 1385 1167 profecto
1430 1104 1606 1151 mirum
1641 1112 1729 1160 est,

242 1186 390 1232 quum
415 1169 570 1216 multo
601 1170 874 1232 graviorem
900 1169 1135 1232 populum
1174 1169 1455 1218 Judaeorum
1497 1169 1610 1216 satis
1646 1169 1730 1216 diu

246 1234 450 1282 eandem
496 1235 733 1281 rationem
779 1235 992 1282 tenuisse
1027 1234 1291 1282 videamus.
1371 1234 1480 1282 Jam
1526 1235 1564 1280 si
1606 1250 1731 1281 nova

245 1299 450 1346 subinde
488 1298 780 1362 exemplaria
818 1299 992 1347 fierent
1031 1316 1092 1346 ex
1129 1299 1238 1355 illis,
1285 1299 1376 1345 nisi
1410 1299 1636 1346 indoctus
1676 1299 1732 1346 li-

241 1364 427 1413 brarius
461 1364 739 1428 proximum
780 1365 984 1428 quodvis
1024 1372 1270 1428 arreptum
1310 1364 1518 1412 fideliter
1554 1364 1733 1412 descri-

242 1430 403 1486 bebat,
440 1430 474 1476 ii
499 1429 581 1493 qui
604 1429 686 1477 illa
711 1431 958 1486 curabant,
998 1429 1184 1478 collatis
1224 1430 1440 1493 pluribus
1481 1429 1728 1493 exemplis,

241 1511 345 1542 rem
369 1494 450 1542 vix
473 1495 613 1543 aliter
644 1495 845 1559 aggredi
879 1503 1161 1559 potuerunt,
1199 1512 1341 1558 quam
1377 1503 1434 1542 ut
1460 1495 1732 1558 judicando

242 1559 580 1624 eligendoque‚
619 1560 751 1624 quod
775 1561 949 1625 cuique
981 1561 1090 1608 loco
1126 1561 1373 1609 videretur
1413 1560 1727 1624 aptissimum,

240 1624 442 1673 formam
467 1633 634 1673 textus
665 1626 830 1674 multis
866 1627 1082 1690 partibus
1120 1626 1260 1673 aliam
1297 1625 1527 1673 facerent.
1595 1625 1728 1674 Talis

241 1698 406 1739 autem
429 1707 584 1739 novus
607 1699 787 1748 textus,
812 1699 869 1738 ut
891 1700 996 1739 tum
1022 1699 1158 1739 erant
1182 1699 1414 1755 tempora,
1441 1707 1599 1755 neque
1623 1707 1730 1755 per-

239 1755 355 1803 ferri
378 1757 540 1819 potuit
562 1757 612 1803 in
635 1757 880 1820 publicam
905 1757 1142 1812 notitiam,
1181 1758 1382 1820 (quippe
1410 1757 1624 1820 privatus
1663 1756 1729 1805 la-

241 1821 330 1868 bor
354 1821 498 1881 erat,)
534 1838 693 1884 neque
717 1822 835 1869 alios
866 1839 1095 1870 revocare
1133 1823 1191 1869 ab
1231 1821 1371 1868 simili
1410 1822 1637 1870 instituto
1677 1831 1729 1871 et

241 1902 390 1949 opera
413 1886 602 1934 scilicet
626 1887 932 1934 emendandi.
1003 1887 1082 1934 Sic
1120 1895 1265 1935 aucto
1306 1887 1482 1934 sensim
1522 1903 1728 1935 numero

241 1951 484 2008 codicum,
522 1950 630 1998 fons
654 1952 736 1999 ille
763 1952 1082 2009 Pisistrateus,
1120 1953 1157 1999 si
1197 1952 1342 2000 modo
1383 1952 1423 1999 is
1457 1968 1582 2000 unus
1618 1952 1728 2000 fons

239 2014 350 2073 fuit,
387 2017 438 2063 in
469 2016 631 2080 plures
667 2017 844 2065 diversi
883 2017 1020 2066 velut
1061 2018 1239 2081 saporis
1279 2018 1457 2065 rivulos
1499 2017 1729 2066 diductus

237 2097 353 2128 mox
378 2082 676 2146 impediebat
701 2090 940 2130 accuratae
976 2082 1202 2131 lectionis
1231 2083 1461 2131 studium.
1532 2083 1665 2148 Ergo
1689 2084 1728 2131 si

238 2146 594 2211 intelligentior
617 2147 803 2212 aliquis,
835 2155 885 2196 et
909 2148 991 2212 qui
1014 2148 1146 2196 idem
1170 2158 1297 2196 esset
1319 2152 1482 2212 poeta,
1520 2156 1604 2196 aut
1628 2165 1729 2197 cer-

238 2218 290 2259 te
314 2228 412 2259 non
436 2212 621 2261 alienus
645 2230 673 2261 a
694 2214 888 2277 poetica
906 2213 1156 2271 facultate,
1179 2217 1296 2278 (nec
1316 2215 1570 2278 quisquam
1588 2214 1726 2272 alius,

235 2340 422 2374 διδασκάλου.
466 2343 533 2374 Hic
547 2353 622 2374 usus
646 2348 692 2374 aet
707 2343 848 2375 Platonis
873 2344 1009 2386 (Phileb.
1027 2355 1055 2385 p.
1081 2349 1128 2376 18.
1153 2345 1211 2385 D.)
1239 2345 1458 2384 Xenophontis
1475 2344 1540 2386 (M.
1566 2344 1596 2375 S.
1616 2345 1678 2376 IV.
1702 2349 1730 2377 2.

235 2384 312 2425 20.).
327 2385 505 2416 Aristotelis
516 2386 610 2428 (Top.
625 2386 684 2417 VI.
695 2390 805 2426 p.247.
815 2391 843 2419 5.
856 2388 910 2427 B.)
924 2389 1030 2429 Atque
1040 2387 1091 2418 illa
1103 2388 1228 2429 quidem
1240 2395 1346 2428 postea
1357 2398 1376 2418 a
1387 2387 1547 2419 nonnullis
1555 2389 1735 2442 ἄτελιστὶἷκ

234 2430 441 2510 Ξιέἶμὸμθζῖἶικζιὶ
451 2428 601 2502 {iga-esu
619 2429 882 2514 {qapltllollag'ogcf
893 2430 972 2513 ¹57¹}ss
986 2431 1584 2505 occugagrzzttGi-ammau'ccqgimgils.
1606 2432 1729 2468 ἔνφςλης,

284 2492 292 2500 .
516 2482 609 2511 pmc.
664 2482 682 2502 a
718 2494 726 2502 .
763 2496 769 2503 .
810 2496 817 2504 .
876 2496 884 2505 .
942 2497 949 2505 .
982 2484 1060 2505 cula
1142 2484 1290 2505 aeemu
1326 2484 1366 2505 ue
1404 2484 1490 2505 nce
1575 2483 1735 2514 uampars

234 2513 376 2553 subjecta
390 2521 464 2545 erat.
511 2514 573 2545 Sed
595 2515 690 2555 hujus
704 2515 767 2546 sive
790 2517 884 2555 partis
899 2516 963 2548 sive
984 2517 1116 2557 propriae
1131 2517 1281 2548 doctrinae
1291 2485 1418 2548 sqnomeu
1441 2527 1505 2548 non
1519 2484 1635 2558 legitur
1659 2524 1733 2549 ante

233 2564 340 2586 aevum
364 2556 624 2593 Alexandrinum,
641 2558 700 2588 nisi
726 2558 759 2588 in
774 2559 907 2601 dialogis
933 2559 1093 2591 AEschinis
1108 2566 1139 2590 et
1156 2561 1286 2596 Cebetis,
1303 2570 1381 2601 quos
1395 2559 1515 2599 spurios
1529 2570 1602 2595 esse,
1629 2569 1732 2600 nuper

237 2597 380 2630 Meiners
394 2600 510 2639 optime
521 2600 635 2631 docuit.
682 2601 764 2632 Rem
779 2602 883 2643 igitur,
901 2613 966 2633 non
981 2613 1096 2633 nomen
1113 2609 1144 2634 et
1159 2603 1381 2643 professionem
1389 2603 1538 2642 spectavit
1547 2602 1614 2634 Dio
1628 2602 1730 2645 Chry·

234 2646 305 2671 sost.
323 2641 378 2672 Or.
396 2643 497 2673 LIII.
513 2642 618 2674 dicens
633 2645 672 2675 ab
688 2645 855 2676 Aristotele
871 2647 921 2679 τὴν
937 2647 1064 2688 κριτικήν
1080 2660 1110 2677 τε
1127 2648 1179 2677 καὶ
1193 2647 1403 2690 γραμματικὴν
1418 2647 1514 2689 ⁶²er‘
1528 2647 1648 2683 Msssi'v:
1672 2647 1729 2678 etsi

233 2693 275 2714 ne
290 2685 349 2715 hoc
370 2685 498 2727 quidem
513 2686 546 2716 in
558 2688 680 2727 jactura
695 2693 740 2718 tot
761 2689 987 2719 exotericomm
1010 2689 1160 2720 librorum
1182 2689 1359 2719 Aristotelis
1380 2699 1399 2719 a
1413 2689 1504 2720 nobis
1524 2690 1598 2720 satis
1612 2688 1728 2720 firmari

232 2732 342 2766 potest.
386 2729 437 2760 Ac
448 2729 554 2760 minus
564 2730 658 2760 etiam
672 2730 790 2761 clarum
803 2738 856 2766 est,
869 2732 953 2772 quod
967 2731 1007 2763 de
1020 2731 1214 2771 Apollodoro
1227 2732 1373 2763 Cumano
1384 2731 1516 2763 traditur
1530 2742 1549 2763 a
1565 2732 1730 2764 Clemente

234 2769 330 2801 Alex.
358 2771 417 2801 Str.
441 2771 469 2802 1.
498 2783 527 2812 p.
549 2776 622 2804 309.
644 2783 698 2803 seu
714 2773 753 2804 de
769 2775 933 2805 Autodoro
958 2774 992 2805 in
1008 2775 1178 2806 Theodosii
1205 2774 1307 2805 Schol.
1336 2784 1385 2814 ap.
1413 2775 1522 2806 Burm.
1553 2774 1593 2806 ad
1623 2775 1728 2807 Valae.

230 2811 390 2845 Emendd.
402 2825 431 2854 p.
450 2818 518 2846 146.
531 2821 562 2846 et
575 2815 694 2846 Villois.
713 2817 834 2848 Anecd.
853 2817 907 2848 Gr.
922 2828 951 2857 p.
970 2821 1038 2849 173.
1083 2816 1234 2848 Neutrius
1248 2817 1341 2854 enim,
1357 2817 1383 2847 si
1397 2822 1503 2849 tamen
1518 2817 1628 2849 diversi
1643 2825 1727 2855 sunt,

232 2861 357 2887 aetatem
378 2863 531 2889 tenemus.
576 2858 779 2899 Relinquitur
806 2870 888 2901 ergo,
920 2867 955 2891 ut
983 2861 1035 2896 rei,
1068 2870 1133 2891 non
1155 2860 1300 2896 nominis,
1327 2860 1498 2900 primordia
1521 2860 1728 2902 exquiramus.

235 2897 403 2940 Reliquam
428 2901 588 2932 historiam
607 2902 827 2933 Grammaticae
842 2910 873 2934 et
900 2903 1024 2934 Criticae
1055 2903 1145 2934 docte
1168 2910 1397 2945 persequuntur
1413 2910 1526 2943 praeter
1540 2903 1645 2937 vales.
1659 2904 1681 2937 l.
1707 2904 1727 2935 l.

234 2939 428 2981 Maussacua
457 2944 639 2981 Wowerius,
656 2945 777 2978 Fabric.
792 2945 832 2978 ad
849 2946 989 3018 ngtum,
1008 2946 1170 2980 Walchius
1184 2946 1335 2990 singulari
1357 2946 1473 2980 libello.
