<?xml version="1.0" encoding="UTF-8"?>
<!DOCTYPE html PUBLIC "-//W3C//DTD XHTML 1.0 Transitional//EN"
    "http://www.w3.org/TR/xhtml1/DTD/xhtml1-transitional.dtd">
<html xmlns="http://www.w3.org/1999/xhtml" xml:lang="en" lang="en">
 <head>
  <title>
</title>
<meta http-equiv="Content-Type" content="text/html;charset=utf-8" />
  <meta name='ocr-system' content='tesseract 3.04.00' />
  <meta name='ocr-capabilities' content='ocr_page ocr_carea ocr_par ocr_line ocrx_word'/>
</head>
<body>
  <div class='ocr_page' id='page_1' title='image "./operaomnia05home/operaomnia05home_0234.png"; bbox 0 0 1856 3235; ppageno 0'>
   <div class='ocr_carea' id='block_1_1' title="bbox 227 203 1234 253">
    <p class='ocr_par' dir='ltr' id='par_1_1' title="bbox 227 203 1234 253">
     <span class='ocr_line' id='line_1_1' title="bbox 227 203 1234 253; baseline 0 -1"><span class='ocrx_word' id='word_1_1' title='bbox 227 214 322 252; x_wconf 77' lang='lat'>210</span> <span class='ocrx_word' id='word_1_2' title='bbox 675 203 1234 253; x_wconf 84' lang='lat' dir='ltr'>PROLEGOMENA.</span> 
     </span>
    </p>
   </div>
   <div class='ocr_carea' id='block_1_2' title="bbox 215 333 1711 661">
    <p class='ocr_par' dir='ltr' id='par_1_2' title="bbox 215 333 1711 661">
     <span class='ocr_line' id='line_1_2' title="bbox 215 333 1703 400; baseline 0.002 -21"><span class='ocrx_word' id='word_1_3' title='bbox 215 333 362 380; x_wconf 85' lang='lat' dir='ltr'>fuisse</span> <span class='ocrx_word' id='word_1_4' title='bbox 385 333 690 397; x_wconf 83' lang='lat' dir='ltr'>rhapsodum,</span> <span class='ocrx_word' id='word_1_5' title='bbox 718 336 833 398; x_wconf 89' lang='lat' dir='ltr'>quin</span> <span class='ocrx_word' id='word_1_6' title='bbox 851 336 981 384; x_wconf 87' lang='lat' dir='ltr'>idem</span> <span class='ocrx_word' id='word_1_7' title='bbox 1004 336 1262 399; x_wconf 88' lang='lat' dir='ltr'>probabilis</span> <span class='ocrx_word' id='word_1_8' title='bbox 1285 340 1429 400; x_wconf 74' lang='lat' dir='ltr'>poeta</span> <span class='ocrx_word' id='word_1_9' title='bbox 1448 343 1587 391; x_wconf 89' lang='lat' dir='ltr'>esset,</span> <span class='ocrx_word' id='word_1_10' title='bbox 1608 352 1703 382; x_wconf 88' lang='lat' dir='ltr'>ma-</span> 
     </span>
     <span class='ocr_line' id='line_1_3' title="bbox 218 398 1705 465; baseline 0.001 -19"><span class='ocrx_word' id='word_1_11' title='bbox 218 398 394 446; x_wconf 79' lang='lat' dir='ltr'>nifesta</span> <span class='ocrx_word' id='word_1_12' title='bbox 427 399 638 447; x_wconf 87' lang='lat' dir='ltr'>historiae</span> <span class='ocrx_word' id='word_1_13' title='bbox 662 401 863 464; x_wconf 76' lang='lat' dir='ltr'>vestigia</span> <span class='ocrx_word' id='word_1_14' title='bbox 897 410 1121 465; x_wconf 84' lang='lat' dir='ltr'>arguunt.</span> <span class='ocrx_word' id='word_1_15' title='bbox 1193 401 1359 464; x_wconf 83' lang='lat' dir='ltr'><strong>Atque</strong></span> <span class='ocrx_word' id='word_1_16' title='bbox 1396 418 1456 448; x_wconf 83' lang='lat' dir='ltr'>ex</span> <span class='ocrx_word' id='word_1_17' title='bbox 1480 401 1575 448; x_wconf 89' lang='lat' dir='ltr'>hoc</span> <span class='ocrx_word' id='word_1_18' title='bbox 1607 400 1705 448; x_wconf 90' lang='lat' dir='ltr'>fac-</span> 
     </span>
     <span class='ocr_line' id='line_1_4' title="bbox 219 466 1707 528; baseline 0.001 -17"><span class='ocrx_word' id='word_1_19' title='bbox 219 470 325 511; x_wconf 88' lang='lat' dir='ltr'>tum</span> <span class='ocrx_word' id='word_1_20' title='bbox 351 481 452 512; x_wconf 86' lang='lat' dir='ltr'>esse</span> <span class='ocrx_word' id='word_1_21' title='bbox 486 472 620 528; x_wconf 89' lang='lat' dir='ltr'>puto,</span> <span class='ocrx_word' id='word_1_22' title='bbox 646 475 701 512; x_wconf 82' lang='lat' dir='ltr'>ut</span> <span class='ocrx_word' id='word_1_23' title='bbox 725 474 823 512; x_wconf 83' lang='lat' dir='ltr'>tam</span> <span class='ocrx_word' id='word_1_24' title='bbox 846 466 1000 513; x_wconf 87' lang='lat' dir='ltr'>multa</span> <span class='ocrx_word' id='word_1_25' title='bbox 1037 467 1262 514; x_wconf 84' lang='lat' dir='ltr'>Carmina</span> <span class='ocrx_word' id='word_1_26' title='bbox 1294 467 1488 514; x_wconf 88' lang='lat' dir='ltr'>illorum</span> <span class='ocrx_word' id='word_1_27' title='bbox 1522 473 1707 528; x_wconf 90' lang='lat' dir='ltr'>tempo-</span> 
     </span>
     <span class='ocr_line' id='line_1_5' title="bbox 220 530 1706 595; baseline 0.001 -19"><span class='ocrx_word' id='word_1_28' title='bbox 220 546 343 585; x_wconf 89' lang='lat' dir='ltr'>rum,</span> <span class='ocrx_word' id='word_1_29' title='bbox 370 530 634 578; x_wconf 81' lang='lat' dir='ltr'>obliteratis</span> <span class='ocrx_word' id='word_1_30' title='bbox 653 531 1014 594; x_wconf 87' lang='lat' dir='ltr'>rhapsodorum‚</span> <span class='ocrx_word' id='word_1_31' title='bbox 1034 547 1061 577; x_wconf 92' lang='lat' dir='ltr'>a</span> <span class='ocrx_word' id='word_1_32' title='bbox 1085 532 1258 595; x_wconf 86' lang='lat' dir='ltr'>quibus</span> <span class='ocrx_word' id='word_1_33' title='bbox 1283 532 1507 580; x_wconf 87' lang='lat' dir='ltr'>confecta</span> <span class='ocrx_word' id='word_1_34' title='bbox 1531 539 1706 586; x_wconf 85' lang='lat' dir='ltr'>essent,</span> 
     </span>
     <span class='ocr_line' id='line_1_6' title="bbox 222 595 1711 661; baseline 0 -19"><span class='ocrx_word' id='word_1_35' title='bbox 222 595 510 651; x_wconf 89' lang='lat' dir='ltr'>nominibus,</span> <span class='ocrx_word' id='word_1_36' title='bbox 552 613 701 658; x_wconf 87' lang='lat' dir='ltr'>quum</span> <span class='ocrx_word' id='word_1_37' title='bbox 725 597 783 643; x_wconf 91' lang='lat' dir='ltr'>ab</span> <span class='ocrx_word' id='word_1_38' title='bbox 808 596 908 643; x_wconf 87' lang='lat' dir='ltr'>aliis</span> <span class='ocrx_word' id='word_1_39' title='bbox 950 604 1000 643; x_wconf 90' lang='lat' dir='ltr'>et</span> <span class='ocrx_word' id='word_1_40' title='bbox 1023 596 1126 644; x_wconf 88' lang='lat' dir='ltr'>aliis</span> <span class='ocrx_word' id='word_1_41' title='bbox 1161 598 1366 645; x_wconf 87' lang='lat' dir='ltr'>subinde</span> <span class='ocrx_word' id='word_1_42' title='bbox 1399 597 1554 661; x_wconf 90' lang='lat' dir='ltr'>repeti</span> <span class='ocrx_word' id='word_1_43' title='bbox 1591 596 1711 643; x_wconf 90' lang='lat' dir='ltr'>sole-</span> 
     </span>
    </p>
   </div>
   <div class='ocr_carea' id='block_1_3' title="bbox 223 660 1711 773">
    <p class='ocr_par' dir='ltr' id='par_1_3' title="bbox 223 660 1711 773">
     <span class='ocr_line' id='line_1_7' title="bbox 223 660 1711 726; baseline 0.001 -20"><span class='ocrx_word' id='word_1_44' title='bbox 223 668 346 716; x_wconf 87' lang='lat' dir='ltr'>rent,</span> <span class='ocrx_word' id='word_1_45' title='bbox 368 662 565 708; x_wconf 86' lang='lat' dir='ltr'>tandem</span> <span class='ocrx_word' id='word_1_46' title='bbox 585 660 712 707; x_wconf 75' lang='lat' dir='ltr'>falsis</span> <span class='ocrx_word' id='word_1_47' title='bbox 733 662 1009 709; x_wconf 88' lang='lat' dir='ltr'>auctoribus</span> <span class='ocrx_word' id='word_1_48' title='bbox 1028 663 1270 726; x_wconf 84' lang='lat' dir='ltr'>assignata</span> <span class='ocrx_word' id='word_1_49' title='bbox 1293 671 1344 711; x_wconf 91' lang='lat' dir='ltr'>et</span> <span class='ocrx_word' id='word_1_50' title='bbox 1360 663 1423 710; x_wconf 87' lang='lat' dir='ltr'>ad</span> <span class='ocrx_word' id='word_1_51' title='bbox 1441 671 1711 711; x_wconf 88' lang='lat' dir='ltr'>extremum</span> 
     </span>
     <span class='ocr_line' id='line_1_8' title="bbox 225 726 898 773; baseline 0.001 -1"><span class='ocrx_word' id='word_1_52' title='bbox 225 726 435 773; x_wconf 72' lang='grc' dir='ltr'>ἀδέσποτα</span> <span class='ocrx_word' id='word_1_53' title='bbox 461 726 898 773; x_wconf 62' lang='lat' dir='ltr'>circumferrentur.</span> 
     </span>
    </p>
   </div>
   <div class='ocr_carea' id='block_1_4' title="bbox 872 923 1066 972">
    <p class='ocr_par' dir='ltr' id='par_1_4' title="bbox 872 923 1066 972">
     <span class='ocr_line' id='line_1_9' title="bbox 872 923 1066 972; baseline -0.005 -1"><span class='ocrx_word' id='word_1_54' title='bbox 872 923 1066 972; x_wconf 90' lang='lat' dir='ltr'>XXIV.</span> 
     </span>
    </p>
   </div>
   <div class='ocr_carea' id='block_1_5' title="bbox 226 1053 1730 2560">
    <p class='ocr_par' dir='ltr' id='par_1_5' title="bbox 226 1053 1730 2424">
     <span class='ocr_line' id='line_1_10' title="bbox 290 1053 1722 1119; baseline 0 -18"><span class='ocrx_word' id='word_1_55' title='bbox 290 1054 399 1101; x_wconf 84' lang='lat' dir='ltr'>Jam</span> <span class='ocrx_word' id='word_1_56' title='bbox 425 1055 514 1101; x_wconf 81' lang='lat' dir='ltr'>etsi</span> <span class='ocrx_word' id='word_1_57' title='bbox 558 1054 763 1100; x_wconf 89' lang='lat' dir='ltr'>Homeri</span> <span class='ocrx_word' id='word_1_58' title='bbox 787 1069 894 1101; x_wconf 85' lang='lat' dir='ltr'>aevo</span> <span class='ocrx_word' id='word_1_59' title='bbox 933 1070 1189 1119; x_wconf 76' lang='lat' dir='ltr'>perpaucae</span> <span class='ocrx_word' id='word_1_60' title='bbox 1226 1061 1353 1102; x_wconf 86' lang='lat' dir='ltr'>artes</span> <span class='ocrx_word' id='word_1_61' title='bbox 1393 1062 1444 1102; x_wconf 85' lang='lat' dir='ltr'>et</span> <span class='ocrx_word' id='word_1_62' title='bbox 1468 1053 1661 1118; x_wconf 88' lang='lat' dir='ltr'>opificia</span> <span class='ocrx_word' id='word_1_63' title='bbox 1692 1070 1722 1101; x_wconf 90' lang='lat' dir='ltr'>a</span> 
     </span>
     <span class='ocr_line' id='line_1_11' title="bbox 227 1119 1720 1176; baseline 0.001 -11"><span class='ocrx_word' id='word_1_64' title='bbox 227 1119 372 1166; x_wconf 85' lang='lat' dir='ltr'>certis</span> <span class='ocrx_word' id='word_1_65' title='bbox 396 1119 671 1166; x_wconf 89' lang='lat' dir='ltr'>hominibus</span> <span class='ocrx_word' id='word_1_66' title='bbox 710 1120 1060 1176; x_wconf 84' lang='lat' dir='ltr'>tractabantur,</span> <span class='ocrx_word' id='word_1_67' title='bbox 1083 1127 1299 1167; x_wconf 81' lang='lat' dir='ltr'>attamen</span> <span class='ocrx_word' id='word_1_68' title='bbox 1337 1136 1410 1167; x_wconf 90' lang='lat' dir='ltr'>ars</span> <span class='ocrx_word' id='word_1_69' title='bbox 1433 1120 1572 1167; x_wconf 76' lang='grc' dir='ltr'><em>ἀοιδῶν</em></span> <span class='ocrx_word' id='word_1_70' title='bbox 1613 1127 1720 1166; x_wconf 79' lang='lat' dir='ltr'>tum</span> 
     </span>
     <span class='ocr_line' id='line_1_12' title="bbox 228 1183 1722 1248; baseline 0.002 -20"><span class='ocrx_word' id='word_1_71' title='bbox 228 1199 327 1229; x_wconf 91' lang='lat' dir='ltr'>non</span> <span class='ocrx_word' id='word_1_72' title='bbox 351 1185 508 1230; x_wconf 89' lang='lat' dir='ltr'>minus</span> <span class='ocrx_word' id='word_1_73' title='bbox 544 1183 799 1246; x_wconf 82' lang='lat' dir='ltr'>peculiaris</span> <span class='ocrx_word' id='word_1_74' title='bbox 822 1183 918 1230; x_wconf 89' lang='lat' dir='ltr'>fuit</span> <span class='ocrx_word' id='word_1_75' title='bbox 940 1201 1083 1247; x_wconf 92' lang='lat' dir='ltr'>quam</span> <span class='ocrx_word' id='word_1_76' title='bbox 1119 1185 1242 1232; x_wconf 87' lang='lat' dir='ltr'>fabri</span> <span class='ocrx_word' id='word_1_77' title='bbox 1275 1192 1360 1232; x_wconf 91' lang='lat' dir='ltr'>aut</span> <span class='ocrx_word' id='word_1_78' title='bbox 1382 1185 1535 1248; x_wconf 85' lang='lat' dir='ltr'>figuli,</span> <span class='ocrx_word' id='word_1_79' title='bbox 1578 1200 1722 1247; x_wconf 86' lang='lat' dir='ltr'>quam</span> 
     </span>
     <span class='ocr_line' id='line_1_13' title="bbox 228 1247 1723 1313; baseline 0.002 -19"><span class='ocrx_word' id='word_1_80' title='bbox 228 1247 407 1295; x_wconf 90' lang='lat' dir='ltr'>medici</span> <span class='ocrx_word' id='word_1_81' title='bbox 431 1257 515 1296; x_wconf 90' lang='lat' dir='ltr'>aut</span> <span class='ocrx_word' id='word_1_82' title='bbox 537 1248 706 1296; x_wconf 87' lang='lat' dir='ltr'>harioli</span> <span class='ocrx_word' id='word_1_83' title='bbox 724 1252 756 1304; x_wconf 76' lang='lat'>⁸,</span> <span class='ocrx_word' id='word_1_84' title='bbox 784 1250 1022 1296; x_wconf 90' lang='lat' dir='ltr'>honorem</span> <span class='ocrx_word' id='word_1_85' title='bbox 1057 1257 1220 1299; x_wconf 86' lang='lat' dir='ltr'>autem</span> <span class='ocrx_word' id='word_1_86' title='bbox 1243 1250 1438 1313; x_wconf 89' lang='lat' dir='ltr'>publice</span> <span class='ocrx_word' id='word_1_87' title='bbox 1477 1250 1723 1313; x_wconf 85' lang='lat' dir='ltr'>privatim-</span> 
     </span>
     <span class='ocr_line' id='line_1_14' title="bbox 229 1313 1722 1379; baseline 0.001 -20"><span class='ocrx_word' id='word_1_88' title='bbox 229 1330 323 1376; x_wconf 89' lang='lat' dir='ltr'>que</span> <span class='ocrx_word' id='word_1_89' title='bbox 347 1314 517 1361; x_wconf 82' lang='lat' dir='ltr'>habuit</span> <span class='ocrx_word' id='word_1_90' title='bbox 538 1313 686 1377; x_wconf 85' lang='lat' dir='ltr'>longe</span> <span class='ocrx_word' id='word_1_91' title='bbox 710 1315 989 1362; x_wconf 87' lang='lat' dir='ltr'>maximum.</span> <span class='ocrx_word' id='word_1_92' title='bbox 1061 1316 1172 1363; x_wconf 86' lang='lat' dir='ltr'>Sive</span> <span class='ocrx_word' id='word_1_93' title='bbox 1197 1316 1396 1363; x_wconf 88' lang='lat' dir='ltr'>enimin</span> <span class='ocrx_word' id='word_1_94' title='bbox 1411 1314 1601 1379; x_wconf 90' lang='lat' dir='ltr'>oppidis</span> <span class='ocrx_word' id='word_1_95' title='bbox 1623 1315 1722 1363; x_wconf 88' lang='lat' dir='ltr'>suis</span> 
     </span>
     <span class='ocr_line' id='line_1_15' title="bbox 230 1379 1723 1445; baseline 0.002 -20"><span class='ocrx_word' id='word_1_96' title='bbox 230 1381 506 1435; x_wconf 88' lang='lat' dir='ltr'>manebant,</span> <span class='ocrx_word' id='word_1_97' title='bbox 544 1379 644 1426; x_wconf 92' lang='lat' dir='ltr'>sive</span> <span class='ocrx_word' id='word_1_98' title='bbox 686 1380 815 1426; x_wconf 87' lang='lat' dir='ltr'>varia</span> <span class='ocrx_word' id='word_1_99' title='bbox 852 1379 974 1436; x_wconf 90' lang='lat' dir='ltr'>loca,</span> <span class='ocrx_word' id='word_1_100' title='bbox 1013 1381 1304 1445; x_wconf 85' lang='lat' dir='ltr'>populorum</span> <span class='ocrx_word' id='word_1_101' title='bbox 1341 1388 1612 1428; x_wconf 87' lang='lat' dir='ltr'>conventus</span> <span class='ocrx_word' id='word_1_102' title='bbox 1651 1397 1723 1428; x_wconf 88' lang='lat' dir='ltr'>re-</span> 
     </span>
     <span class='ocr_line' id='line_1_16' title="bbox 229 1445 1724 1508; baseline 0.001 -17"><span class='ocrx_word' id='word_1_103' title='bbox 229 1461 445 1508; x_wconf 87' lang='lat' dir='ltr'>gumque</span> <span class='ocrx_word' id='word_1_104' title='bbox 470 1445 636 1508; x_wconf 82' lang='lat' dir='ltr'>epulas</span> <span class='ocrx_word' id='word_1_105' title='bbox 672 1445 887 1501; x_wconf 87' lang='lat' dir='ltr'>obibant,</span> <span class='ocrx_word' id='word_1_106' title='bbox 914 1446 1010 1493; x_wconf 87' lang='lat' dir='ltr'>cari</span> <span class='ocrx_word' id='word_1_107' title='bbox 1048 1446 1139 1494; x_wconf 89' lang='lat' dir='ltr'>diis</span> <span class='ocrx_word' id='word_1_108' title='bbox 1164 1455 1214 1494; x_wconf 88' lang='lat' dir='ltr'>et</span> <span class='ocrx_word' id='word_1_109' title='bbox 1236 1447 1537 1494; x_wconf 86' lang='lat' dir='ltr'>venerabiles</span> <span class='ocrx_word' id='word_1_110' title='bbox 1572 1446 1724 1494; x_wconf 90' lang='lat' dir='ltr'>homi-</span> 
     </span>
     <span class='ocr_line' id='line_1_17' title="bbox 229 1509 1724 1576; baseline 0.002 -20"><span class='ocrx_word' id='word_1_111' title='bbox 229 1509 372 1559; x_wconf 88' lang='lat' dir='ltr'>nibus</span> <span class='ocrx_word' id='word_1_112' title='bbox 395 1510 714 1558; x_wconf 88' lang='lat' dir='ltr'>habebantur.</span> <span class='ocrx_word' id='word_1_113' title='bbox 784 1510 971 1559; x_wconf 90' lang='lat' dir='ltr'>Eadem</span> <span class='ocrx_word' id='word_1_114' title='bbox 1006 1511 1254 1576; x_wconf 84' lang='lat' dir='ltr'>rhapsodis</span> <span class='ocrx_word' id='word_1_115' title='bbox 1280 1512 1513 1575; x_wconf 85' lang='lat' dir='ltr'>dignatio,</span> <span class='ocrx_word' id='word_1_116' title='bbox 1552 1512 1724 1559; x_wconf 89' lang='lat' dir='ltr'>eadem</span> 
     </span>
     <span class='ocr_line' id='line_1_18' title="bbox 231 1574 1725 1632; baseline 0.002 -11"><span class='ocrx_word' id='word_1_117' title='bbox 231 1575 332 1623; x_wconf 83' lang='lat' dir='ltr'>vita</span> <span class='ocrx_word' id='word_1_118' title='bbox 354 1574 464 1632; x_wconf 87' lang='lat' dir='ltr'>fuit,</span> <span class='ocrx_word' id='word_1_119' title='bbox 507 1576 666 1626; x_wconf 88' lang='lat' dir='ltr'>donec</span> <span class='ocrx_word' id='word_1_120' title='bbox 691 1592 766 1623; x_wconf 87' lang='lat' dir='ltr'>res</span> <span class='ocrx_word' id='word_1_121' title='bbox 791 1576 965 1624; x_wconf 90' lang='lat' dir='ltr'>sensim</span> <span class='ocrx_word' id='word_1_122' title='bbox 999 1594 1110 1624; x_wconf 93' lang='lat' dir='ltr'>cum</span> <span class='ocrx_word' id='word_1_123' title='bbox 1137 1577 1306 1625; x_wconf 82' lang='lat' dir='ltr'>studiis</span> <span class='ocrx_word' id='word_1_124' title='bbox 1331 1585 1381 1624; x_wconf 89' lang='lat' dir='ltr'>et</span> <span class='ocrx_word' id='word_1_125' title='bbox 1402 1577 1617 1625; x_wconf 87' lang='lat' dir='ltr'>moribus</span> <span class='ocrx_word' id='word_1_126' title='bbox 1641 1577 1725 1624; x_wconf 91' lang='lat' dir='ltr'>ho-</span> 
     </span>
     <span class='ocr_line' id='line_1_19' title="bbox 231 1642 1724 1706; baseline 0.002 -19"><span class='ocrx_word' id='word_1_127' title='bbox 231 1642 418 1688; x_wconf 90' lang='lat' dir='ltr'>minum</span> <span class='ocrx_word' id='word_1_128' title='bbox 441 1643 710 1697; x_wconf 86' lang='lat' dir='ltr'>immutata,</span> <span class='ocrx_word' id='word_1_129' title='bbox 738 1649 801 1697; x_wconf 90' lang='lat' dir='ltr'>et,</span> <span class='ocrx_word' id='word_1_130' title='bbox 829 1649 1033 1705; x_wconf 82' lang='lat' dir='ltr'>argento</span> <span class='ocrx_word' id='word_1_131' title='bbox 1057 1643 1376 1691; x_wconf 87' lang='lat' dir='ltr'>certaminum</span> <span class='ocrx_word' id='word_1_132' title='bbox 1400 1643 1600 1706; x_wconf 89' lang='lat' dir='ltr'>praemio</span> <span class='ocrx_word' id='word_1_133' title='bbox 1616 1658 1724 1706; x_wconf 87' lang='lat' dir='ltr'>pro-</span> 
     </span>
     <span class='ocr_line' id='line_1_20' title="bbox 231 1706 1725 1771; baseline 0.001 -18"><span class='ocrx_word' id='word_1_134' title='bbox 231 1707 392 1769; x_wconf 89' lang='lat' dir='ltr'>posito</span> <span class='ocrx_word' id='word_1_135' title='bbox 410 1706 445 1762; x_wconf 76' lang='lat'>¹³,</span> <span class='ocrx_word' id='word_1_136' title='bbox 472 1706 534 1754; x_wconf 91' lang='lat' dir='ltr'>ad</span> <span class='ocrx_word' id='word_1_137' title='bbox 566 1706 723 1754; x_wconf 86' lang='lat' dir='ltr'>levem</span> <span class='ocrx_word' id='word_1_138' title='bbox 760 1717 998 1771; x_wconf 70' lang='lat' dir='ltr'>quaestum</span> <span class='ocrx_word' id='word_1_139' title='bbox 1036 1709 1249 1756; x_wconf 89' lang='lat' dir='ltr'>deducta</span> <span class='ocrx_word' id='word_1_140' title='bbox 1285 1708 1470 1756; x_wconf 90' lang='lat' dir='ltr'>eviluit.</span> <span class='ocrx_word' id='word_1_141' title='bbox 1539 1708 1725 1756; x_wconf 90' lang='lat' dir='ltr'>Verum</span> 
     </span>
     <span class='ocr_line' id='line_1_21' title="bbox 232 1771 1727 1837; baseline 0 -17"><span class='ocrx_word' id='word_1_142' title='bbox 232 1773 329 1820; x_wconf 90' lang='lat' dir='ltr'>hoc</span> <span class='ocrx_word' id='word_1_143' title='bbox 369 1771 506 1819; x_wconf 89' lang='lat' dir='ltr'>alias:</span> <span class='ocrx_word' id='word_1_144' title='bbox 557 1788 690 1820; x_wconf 92' lang='lat' dir='ltr'>nunc</span> <span class='ocrx_word' id='word_1_145' title='bbox 726 1772 849 1821; x_wconf 90' lang='lat' dir='ltr'>illud</span> <span class='ocrx_word' id='word_1_146' title='bbox 889 1790 1173 1837; x_wconf 88' lang='lat' dir='ltr'>quaeramus,</span> <span class='ocrx_word' id='word_1_147' title='bbox 1210 1782 1375 1821; x_wconf 86' lang='lat' dir='ltr'>utrum</span> <span class='ocrx_word' id='word_1_148' title='bbox 1412 1790 1473 1821; x_wconf 88' lang='lat' dir='ltr'>ex</span> <span class='ocrx_word' id='word_1_149' title='bbox 1507 1773 1630 1821; x_wconf 89' lang='lat' dir='ltr'>libro</span> <span class='ocrx_word' id='word_1_150' title='bbox 1665 1789 1727 1821; x_wconf 89' lang='lat' dir='ltr'>an</span> 
     </span>
     <span class='ocr_line' id='line_1_22' title="bbox 233 1837 1727 1903; baseline 0 -17"><span class='ocrx_word' id='word_1_151' title='bbox 233 1837 512 1886; x_wconf 89' lang='lat' dir='ltr'>memoriter</span> <span class='ocrx_word' id='word_1_152' title='bbox 547 1839 816 1886; x_wconf 89' lang='lat' dir='ltr'>cecinerint</span> <span class='ocrx_word' id='word_1_153' title='bbox 852 1839 1093 1903; x_wconf 90' lang='lat' dir='ltr'>rhapsodi,</span> <span class='ocrx_word' id='word_1_154' title='bbox 1138 1849 1188 1888; x_wconf 92' lang='lat' dir='ltr'>et</span> <span class='ocrx_word' id='word_1_155' title='bbox 1212 1839 1341 1903; x_wconf 91' lang='lat' dir='ltr'>quali</span> <span class='ocrx_word' id='word_1_156' title='bbox 1382 1839 1727 1887; x_wconf 89' lang='lat' dir='ltr'>discendorum</span> 
     </span>
     <span class='ocr_line' id='line_1_23' title="bbox 235 1903 1724 1968; baseline 0.001 -17"><span class='ocrx_word' id='word_1_157' title='bbox 235 1903 519 1951; x_wconf 68' lang='lat' dir='ltr'>Cal-minum</span> <span class='ocrx_word' id='word_1_158' title='bbox 542 1904 689 1951; x_wconf 91' lang='lat' dir='ltr'>modo</span> <span class='ocrx_word' id='word_1_159' title='bbox 713 1904 786 1951; x_wconf 89' lang='lat' dir='ltr'>usi</span> <span class='ocrx_word' id='word_1_160' title='bbox 811 1905 921 1961; x_wconf 83' lang='lat' dir='ltr'>sint,</span> <span class='ocrx_word' id='word_1_161' title='bbox 949 1905 1143 1968; x_wconf 89' lang='lat' dir='ltr'>quando</span> <span class='ocrx_word' id='word_1_162' title='bbox 1167 1906 1315 1954; x_wconf 86' lang='lat' dir='ltr'>libros</span> <span class='ocrx_word' id='word_1_163' title='bbox 1338 1921 1438 1952; x_wconf 91' lang='lat' dir='ltr'>non</span> <span class='ocrx_word' id='word_1_164' title='bbox 1471 1904 1724 1952; x_wconf 88' lang='lat' dir='ltr'>haberent.</span> 
     </span>
     <span class='ocr_line' id='line_1_24' title="bbox 236 1969 1728 2034; baseline 0.003 -20"><span class='ocrx_word' id='word_1_165' title='bbox 236 1969 349 2025; x_wconf 84' lang='lat' dir='ltr'>Qua</span> <span class='ocrx_word' id='word_1_166' title='bbox 371 1969 421 2015; x_wconf 89' lang='lat' dir='ltr'>in</span> <span class='ocrx_word' id='word_1_167' title='bbox 443 1985 496 2016; x_wconf 93' lang='lat' dir='ltr'>re</span> <span class='ocrx_word' id='word_1_168' title='bbox 521 1986 666 2016; x_wconf 90' lang='lat' dir='ltr'>nemo</span> <span class='ocrx_word' id='word_1_169' title='bbox 690 1970 779 2017; x_wconf 89' lang='lat' dir='ltr'>nisi</span> <span class='ocrx_word' id='word_1_170' title='bbox 815 1971 992 2018; x_wconf 87' lang='lat' dir='ltr'>veteris</span> <span class='ocrx_word' id='word_1_171' title='bbox 1017 1971 1224 2019; x_wconf 84' lang='lat' dir='ltr'>Graeciae</span> <span class='ocrx_word' id='word_1_172' title='bbox 1264 1971 1408 2034; x_wconf 90' lang='lat' dir='ltr'>plane</span> <span class='ocrx_word' id='word_1_173' title='bbox 1441 1970 1616 2034; x_wconf 89' lang='lat' dir='ltr'>hospes</span> <span class='ocrx_word' id='word_1_174' title='bbox 1641 1970 1728 2018; x_wconf 90' lang='lat' dir='ltr'>du-</span> 
     </span>
     <span class='ocr_line' id='line_1_25' title="bbox 234 2034 1729 2099; baseline 0.001 -18"><span class='ocrx_word' id='word_1_175' title='bbox 234 2035 374 2090; x_wconf 87' lang='lat' dir='ltr'>bitet,</span> <span class='ocrx_word' id='word_1_176' title='bbox 402 2035 519 2098; x_wconf 86' lang='lat' dir='ltr'>quin</span> <span class='ocrx_word' id='word_1_177' title='bbox 556 2034 625 2081; x_wconf 88' lang='lat' dir='ltr'>illi</span> <span class='ocrx_word' id='word_1_178' title='bbox 649 2036 928 2083; x_wconf 89' lang='lat' dir='ltr'>memoriter</span> <span class='ocrx_word' id='word_1_179' title='bbox 964 2037 1400 2099; x_wconf 88' lang='lat' dir='ltr'>pronunciaverint</span> <span class='ocrx_word' id='word_1_180' title='bbox 1436 2036 1617 2083; x_wconf 88' lang='lat' dir='ltr'>omnia:</span> <span class='ocrx_word' id='word_1_181' title='bbox 1660 2036 1729 2083; x_wconf 90' lang='lat' dir='ltr'>ita</span> 
     </span>
     <span class='ocr_line' id='line_1_26' title="bbox 226 2098 1730 2165; baseline 0.001 -18"><span class='ocrx_word' id='word_1_182' title='bbox 226 2100 329 2163; x_wconf 76' lang='lat' dir='ltr'>jam</span> <span class='ocrx_word' id='word_1_183' title='bbox 352 2098 572 2148; x_wconf 86' lang='lat' dir='ltr'>fecerant</span> <span class='ocrx_word' id='word_1_184' title='bbox 594 2101 738 2165; x_wconf 90' lang='lat' dir='ltr'>prisci</span> <span class='ocrx_word' id='word_1_185' title='bbox 761 2109 895 2149; x_wconf 86' lang='lat' dir='ltr'>vates</span> <span class='ocrx_word' id='word_1_186' title='bbox 931 2119 1113 2159; x_wconf 86' lang='lat' dir='ltr'>omnes,</span> <span class='ocrx_word' id='word_1_187' title='bbox 1139 2104 1287 2150; x_wconf 87' lang='lat' dir='ltr'>trium</span> <span class='ocrx_word' id='word_1_188' title='bbox 1330 2101 1600 2158; x_wconf 87' lang='lat' dir='ltr'>Musarum,</span> <span class='ocrx_word' id='word_1_189' title='bbox 1639 2104 1730 2148; x_wconf 83' lang='grc' dir='ltr'>Με-</span> 
     </span>
     <span class='ocr_line' id='line_1_27' title="bbox 234 2166 1729 2231; baseline 0.002 -20"><span class='ocrx_word' id='word_1_190' title='bbox 234 2166 367 2218; x_wconf 69' lang='grc' dir='ltr'><strong>λέτης.</strong></span> <span class='ocrx_word' id='word_1_191' title='bbox 414 2167 601 2229; x_wconf 65' lang='grc' dir='ltr'>Μνήμης,</span> <span class='ocrx_word' id='word_1_192' title='bbox 642 2167 825 2222; x_wconf 77' lang='grc' dir='ltr'><strong><em>Ἀοιδῆς,</em></strong></span> <span class='ocrx_word' id='word_1_193' title='bbox 868 2167 1079 2215; x_wconf 88' lang='lat' dir='ltr'>cultores</span> <span class='ocrx_word' id='word_1_194' title='bbox 1090 2187 1104 2227; x_wconf 83' lang='lat'>3</span> <span class='ocrx_word' id='word_1_195' title='bbox 1159 2170 1276 2231; x_wconf 89' lang='lat' dir='ltr'>quin</span> <span class='ocrx_word' id='word_1_196' title='bbox 1313 2167 1474 2215; x_wconf 89' lang='lat' dir='ltr'>adhuc</span> <span class='ocrx_word' id='word_1_197' title='bbox 1516 2167 1729 2215; x_wconf 87' lang='lat' dir='ltr'>Socratis</span> 
     </span>
     <span class='ocr_line' id='line_1_28' title="bbox 237 2232 1727 2297; baseline 0.001 -20"><span class='ocrx_word' id='word_1_198' title='bbox 237 2238 396 2286; x_wconf 86' lang='lat' dir='ltr'>aetate,</span> <span class='ocrx_word' id='word_1_199' title='bbox 440 2247 588 2294; x_wconf 89' lang='lat' dir='ltr'>quum</span> <span class='ocrx_word' id='word_1_200' title='bbox 628 2232 806 2295; x_wconf 86' lang='lat' dir='ltr'>scripta</span> <span class='ocrx_word' id='word_1_201' title='bbox 842 2233 1133 2297; x_wconf 84' lang='lat' dir='ltr'>exemplaria</span> <span class='ocrx_word' id='word_1_202' title='bbox 1172 2234 1379 2281; x_wconf 90' lang='lat' dir='ltr'>Homeri</span> <span class='ocrx_word' id='word_1_203' title='bbox 1414 2250 1442 2280; x_wconf 88' lang='lat' dir='ltr'>a</span> <span class='ocrx_word' id='word_1_204' title='bbox 1477 2232 1727 2296; x_wconf 88' lang='lat' dir='ltr'>rhapsodis</span> 
     </span>
     <span class='ocr_line' id='line_1_29' title="bbox 236 2296 1728 2362; baseline 0.003 -21"><span class='ocrx_word' id='word_1_205' title='bbox 236 2296 446 2342; x_wconf 84' lang='lat' dir='ltr'>maxime</span> <span class='ocrx_word' id='word_1_206' title='bbox 484 2297 932 2361; x_wconf 64' lang='lat' dir='ltr'>conquirerenturc,</span> <span class='ocrx_word' id='word_1_207' title='bbox 959 2300 1064 2362; x_wconf 89' lang='lat' dir='ltr'>ipsa</span> <span class='ocrx_word' id='word_1_208' title='bbox 1102 2300 1326 2348; x_wconf 89' lang='lat' dir='ltr'>recitatio</span> <span class='ocrx_word' id='word_1_209' title='bbox 1360 2315 1460 2346; x_wconf 91' lang='lat' dir='ltr'>non</span> <span class='ocrx_word' id='word_1_210' title='bbox 1500 2307 1574 2345; x_wconf 88' lang='lat' dir='ltr'>est</span> <span class='ocrx_word' id='word_1_211' title='bbox 1596 2297 1728 2346; x_wconf 74' lang='lat' dir='ltr'>facta</span> 
     </span>
     <span class='ocr_line' id='line_1_30' title="bbox 238 2361 551 2424; baseline 0.003 -16"><span class='ocrx_word' id='word_1_212' title='bbox 238 2361 299 2408; x_wconf 89' lang='lat' dir='ltr'>de</span> <span class='ocrx_word' id='word_1_213' title='bbox 324 2361 503 2424; x_wconf 86' lang='lat' dir='ltr'>scripto</span> <span class='ocrx_word' id='word_1_214' title='bbox 521 2365 551 2408; x_wconf 62' lang='grc' dir='ltr'>ἀ.</span> 
     </span>
    </p>

    <p class='ocr_par' dir='ltr' id='par_1_6' title="bbox 237 2426 1730 2560">
     <span class='ocr_line' id='line_1_31' title="bbox 305 2426 1725 2494; baseline 0.002 -21"><span class='ocrx_word' id='word_1_215' title='bbox 305 2428 480 2489; x_wconf 82' lang='lat' dir='ltr'>Stupes</span> <span class='ocrx_word' id='word_1_216' title='bbox 526 2426 729 2475; x_wconf 87' lang='lat' dir='ltr'>fortasse</span> <span class='ocrx_word' id='word_1_217' title='bbox 771 2428 833 2476; x_wconf 90' lang='lat' dir='ltr'>ad</span> <span class='ocrx_word' id='word_1_218' title='bbox 872 2438 1058 2477; x_wconf 88' lang='lat' dir='ltr'>tantam</span> <span class='ocrx_word' id='word_1_219' title='bbox 1105 2431 1424 2494; x_wconf 86' lang='lat' dir='ltr'>capacitatem</span> <span class='ocrx_word' id='word_1_220' title='bbox 1464 2429 1725 2486; x_wconf 85' lang='lat' dir='ltr'>memoriae,</span> 
     </span>
     <span class='ocr_line' id='line_1_32' title="bbox 237 2493 1730 2560; baseline 0.003 -21"><span class='ocrx_word' id='word_1_221' title='bbox 237 2508 346 2559; x_wconf 85' lang='lat' dir='ltr'>quae</span> <span class='ocrx_word' id='word_1_222' title='bbox 369 2500 527 2540; x_wconf 82' lang='lat' dir='ltr'>totum</span> <span class='ocrx_word' id='word_1_223' title='bbox 556 2493 827 2542; x_wconf 86' lang='lat' dir='ltr'>Homerum</span> <span class='ocrx_word' id='word_1_224' title='bbox 872 2495 1130 2559; x_wconf 88' lang='lat' dir='ltr'>complecti</span> <span class='ocrx_word' id='word_1_225' title='bbox 1169 2495 1414 2560; x_wconf 79' lang='lat' dir='ltr'>potuerit?</span> <span class='ocrx_word' id='word_1_226' title='bbox 1449 2494 1576 2542; x_wconf 91' lang='lat' dir='ltr'>Mihi</span> <span class='ocrx_word' id='word_1_227' title='bbox 1611 2511 1730 2543; x_wconf 88' lang='lat' dir='ltr'>vero</span> 
     </span>
    </p>
   </div>
   <div class='ocr_carea' id='block_1_6' title="bbox 238 2622 1733 2927">
    <p class='ocr_par' dir='ltr' id='par_1_7' title="bbox 280 2622 1616 2669">
     <span class='ocr_line' id='line_1_33' title="bbox 280 2622 1616 2669; baseline 0.003 -17"><span class='ocrx_word' id='word_1_228' title='bbox 280 2634 301 2653; x_wconf 86' lang='lat' dir='ltr'>a</span> <span class='ocrx_word' id='word_1_229' title='bbox 322 2622 406 2653; x_wconf 82' lang='lat' dir='ltr'>Vide</span> <span class='ocrx_word' id='word_1_230' title='bbox 419 2623 532 2663; x_wconf 88' lang='lat' dir='ltr'>Odyss.</span> <span class='ocrx_word' id='word_1_231' title='bbox 547 2624 578 2667; x_wconf 73' lang='grc' dir='ltr'>ρ’.</span> <span class='ocrx_word' id='word_1_232' title='bbox 594 2628 666 2654; x_wconf 77' lang='lat'>585.</span> <span class='ocrx_word' id='word_1_233' title='bbox 684 2635 745 2666; x_wconf 84' lang='lat' dir='ltr'>sqq.</span> <span class='ocrx_word' id='word_1_234' title='bbox 764 2625 897 2657; x_wconf 73' lang='lat' dir='ltr'>Hesiod.</span> <span class='ocrx_word' id='word_1_235' title='bbox 910 2628 997 2669; x_wconf 70' lang='grc' dir='ltr'><em>”Εργ.</em></span> <span class='ocrx_word' id='word_1_236' title='bbox 1021 2629 1071 2658; x_wconf 78' lang='lat'>25.</span> <span class='ocrx_word' id='word_1_237' title='bbox 1087 2627 1209 2667; x_wconf 88' lang='lat' dir='ltr'>Hymn.</span> <span class='ocrx_word' id='word_1_238' title='bbox 1225 2627 1257 2657; x_wconf 85' lang='lat' dir='ltr'>in</span> <span class='ocrx_word' id='word_1_239' title='bbox 1275 2625 1380 2666; x_wconf 86' lang='lat' dir='ltr'>Apoll.</span> <span class='ocrx_word' id='word_1_240' title='bbox 1398 2627 1466 2657; x_wconf 83' lang='lat'>165.</span> <span class='ocrx_word' id='word_1_241' title='bbox 1479 2636 1541 2667; x_wconf 88' lang='lat' dir='ltr'>sqq.</span> <span class='ocrx_word' id='word_1_242' title='bbox 1557 2632 1616 2657; x_wconf 84' lang='lat' dir='ltr'>etc.</span> 
     </span>
    </p>

    <p class='ocr_par' dir='ltr' id='par_1_8' title="bbox 240 2666 1728 2757">
     <span class='ocr_line' id='line_1_34' title="bbox 282 2666 1728 2712; baseline 0.007 -17"><span class='ocrx_word' id='word_1_243' title='bbox 282 2667 302 2696; x_wconf 92' lang='lat' dir='ltr'>b</span> <span class='ocrx_word' id='word_1_244' title='bbox 326 2666 365 2695; x_wconf 87' lang='grc' dir='ltr'>ῙΟ</span> <span class='ocrx_word' id='word_1_245' title='bbox 379 2676 428 2705; x_wconf 83' lang='lat' dir='ltr'>ap.</span> <span class='ocrx_word' id='word_1_246' title='bbox 445 2667 527 2697; x_wconf 84' lang='lat' dir='ltr'>Plat.</span> <span class='ocrx_word' id='word_1_247' title='bbox 544 2678 571 2706; x_wconf 86' lang='lat' dir='ltr'>p.</span> <span class='ocrx_word' id='word_1_248' title='bbox 589 2671 660 2698; x_wconf 80' lang='grc'><em>555.</em></span> <span class='ocrx_word' id='word_1_249' title='bbox 674 2669 711 2697; x_wconf 78' lang='grc' dir='ltr'>Ε.</span> <span class='ocrx_word' id='word_1_250' title='bbox 754 2670 823 2699; x_wconf 71' lang='grc' dir='ltr'>Ἐὰν</span> <span class='ocrx_word' id='word_1_251' title='bbox 836 2670 888 2708; x_wconf 66' lang='grc' dir='ltr'>μὲν</span> <span class='ocrx_word' id='word_1_252' title='bbox 903 2671 1060 2704; x_wconf 68' lang='grc' dir='ltr'><em>κλαίοντας</em></span> <span class='ocrx_word' id='word_1_253' title='bbox 1075 2671 1166 2702; x_wconf 68' lang='grc' dir='ltr'><em>αὐτὲε</em></span> <span class='ocrx_word' id='word_1_254' title='bbox 1182 2672 1305 2705; x_wconf 59' lang='lat' dir='ltr'>mussent,</span> <span class='ocrx_word' id='word_1_255' title='bbox 1329 2669 1416 2703; x_wconf 58' lang='grc' dir='ltr'><strong><em>αὐτὸς</em></strong></span> <span class='ocrx_word' id='word_1_256' title='bbox 1433 2671 1609 2710; x_wconf 60' lang='grc' dir='ltr'>Ύέλέῐθμω»</span> <span class='ocrx_word' id='word_1_257' title='bbox 1635 2669 1728 2712; x_wconf 63' lang='grc' dir='ltr'><em>ἀργύ-</em></span> 
     </span>
     <span class='ocr_line' id='line_1_35' title="bbox 240 2710 1358 2757; baseline 0.003 -18"><span class='ocrx_word' id='word_1_258' title='bbox 240 2723 290 2751; x_wconf 60' lang='grc' dir='ltr'>ριον</span> <span class='ocrx_word' id='word_1_259' title='bbox 306 2710 473 2747; x_wconf 66' lang='grc' dir='ltr'><em>λαμβάνων·</em></span> <span class='ocrx_word' id='word_1_260' title='bbox 497 2712 541 2741; x_wconf 75' lang='grc' dir='ltr'>ἰσὶν</span> <span class='ocrx_word' id='word_1_261' title='bbox 558 2710 584 2741; x_wconf 71' lang='grc' dir='ltr'>δὲ</span> <span class='ocrx_word' id='word_1_262' title='bbox 602 2712 764 2750; x_wconf 69' lang='grc' dir='ltr'>γελῆντας,</span> <span class='ocrx_word' id='word_1_263' title='bbox 781 2713 866 2746; x_wconf 71' lang='grc' dir='ltr'><strong><em>αὐτάς</em></strong></span> <span class='ocrx_word' id='word_1_264' title='bbox 879 2714 1058 2753; x_wconf 76' lang='grc' dir='ltr'><strong><em>κλαύσομαι,</em></strong></span> <span class='ocrx_word' id='word_1_265' title='bbox 1073 2714 1202 2757; x_wconf 64' lang='grc' dir='ltr'>ἀργύριον</span> <span class='ocrx_word' id='word_1_266' title='bbox 1213 2712 1358 2747; x_wconf 64' lang='grc' dir='ltr'>ἀπολλῦς.</span> 
     </span>
    </p>

    <p class='ocr_par' dir='ltr' id='par_1_9' title="bbox 279 2752 767 2792">
     <span class='ocr_line' id='line_1_36' title="bbox 279 2752 767 2792; baseline 0.002 -9"><span class='ocrx_word' id='word_1_267' title='bbox 279 2762 297 2783; x_wconf 89' lang='lat' dir='ltr'>c</span> <span class='ocrx_word' id='word_1_268' title='bbox 322 2752 466 2792; x_wconf 87' lang='lat' dir='ltr'>Xenopb.</span> <span class='ocrx_word' id='word_1_269' title='bbox 484 2753 531 2783; x_wconf 89' lang='lat' dir='ltr'>M.</span> <span class='ocrx_word' id='word_1_270' title='bbox 550 2754 579 2782; x_wconf 80' lang='lat' dir='ltr'>S.</span> <span class='ocrx_word' id='word_1_271' title='bbox 597 2753 657 2783; x_wconf 90' lang='lat' dir='ltr'>IV.</span> <span class='ocrx_word' id='word_1_272' title='bbox 673 2757 700 2783; x_wconf 67' lang='lat'>²2.</span> <span class='ocrx_word' id='word_1_273' title='bbox 720 2758 767 2784; x_wconf 87' lang='lat' dir='ltr'>lo.</span> 
     </span>
    </p>

    <p class='ocr_par' dir='ltr' id='par_1_10' title="bbox 238 2795 1733 2927">
     <span class='ocr_line' id='line_1_37' title="bbox 281 2795 1732 2839; baseline 0.002 -14"><span class='ocrx_word' id='word_1_274' title='bbox 281 2795 302 2825; x_wconf 93' lang='lat' dir='ltr'>d</span> <span class='ocrx_word' id='word_1_275' title='bbox 328 2795 458 2834; x_wconf 72' lang='lat' dir='ltr'>[neptus</span> <span class='ocrx_word' id='word_1_276' title='bbox 472 2796 579 2826; x_wconf 83' lang='lat' dir='ltr'>videor</span> <span class='ocrx_word' id='word_1_277' title='bbox 595 2796 671 2826; x_wconf 87' lang='lat' dir='ltr'>mihi</span> <span class='ocrx_word' id='word_1_278' title='bbox 688 2797 761 2836; x_wconf 69' lang='lat' dir='ltr'>ipse,</span> <span class='ocrx_word' id='word_1_279' title='bbox 785 2798 838 2837; x_wconf 84' lang='lat' dir='ltr'>qni</span> <span class='ocrx_word' id='word_1_280' title='bbox 856 2798 928 2828; x_wconf 87' lang='lat' dir='ltr'>talia</span> <span class='ocrx_word' id='word_1_281' title='bbox 944 2798 1083 2829; x_wconf 81' lang='lat' dir='ltr'>doceam.</span> <span class='ocrx_word' id='word_1_282' title='bbox 1133 2798 1194 2829; x_wconf 84' lang='lat' dir='ltr'>Sed</span> <span class='ocrx_word' id='word_1_283' title='bbox 1216 2809 1256 2829; x_wconf 88' lang='lat' dir='ltr'>ne</span> <span class='ocrx_word' id='word_1_284' title='bbox 1277 2798 1355 2829; x_wconf 91' lang='lat' dir='ltr'>illud</span> <span class='ocrx_word' id='word_1_285' title='bbox 1370 2798 1496 2839; x_wconf 84' lang='lat' dir='ltr'>quidem</span> <span class='ocrx_word' id='word_1_286' title='bbox 1512 2797 1642 2828; x_wconf 80' lang='lat' dir='ltr'>assecuti</span> <span class='ocrx_word' id='word_1_287' title='bbox 1658 2803 1732 2828; x_wconf 85' lang='lat' dir='ltr'>sunt</span> 
     </span>
     <span class='ocr_line' id='line_1_38' title="bbox 238 2838 1733 2882; baseline 0.003 -15"><span class='ocrx_word' id='word_1_288' title='bbox 238 2838 330 2869; x_wconf 84' lang='lat' dir='ltr'>multi</span> <span class='ocrx_word' id='word_1_289' title='bbox 343 2851 352 2875; x_wconf 90' lang='lat'>;</span> <span class='ocrx_word' id='word_1_290' title='bbox 369 2838 468 2869; x_wconf 88' lang='lat' dir='ltr'>immo</span> <span class='ocrx_word' id='word_1_291' title='bbox 490 2849 528 2869; x_wconf 82' lang='lat' dir='ltr'>ex</span> <span class='ocrx_word' id='word_1_292' title='bbox 551 2839 693 2869; x_wconf 83' lang='lat' dir='ltr'>Platonis</span> <span class='ocrx_word' id='word_1_293' title='bbox 718 2841 796 2870; x_wconf 85' lang='lat' dir='ltr'>Ione</span> <span class='ocrx_word' id='word_1_294' title='bbox 814 2842 971 2879; x_wconf 86' lang='lat' dir='ltr'>opinionis</span> <span class='ocrx_word' id='word_1_295' title='bbox 986 2852 1052 2872; x_wconf 84' lang='lat' dir='ltr'>suae</span> <span class='ocrx_word' id='word_1_296' title='bbox 1067 2842 1249 2881; x_wconf 79' lang='lat' dir='ltr'>praesidium</span> <span class='ocrx_word' id='word_1_297' title='bbox 1264 2847 1435 2882; x_wconf 82' lang='lat' dir='ltr'>captarunt,</span> <span class='ocrx_word' id='word_1_298' title='bbox 1452 2841 1506 2872; x_wconf 83' lang='lat' dir='ltr'>ubi</span> <span class='ocrx_word' id='word_1_299' title='bbox 1521 2847 1626 2872; x_wconf 83' lang='lat' dir='ltr'>tamen</span> <span class='ocrx_word' id='word_1_300' title='bbox 1641 2841 1733 2880; x_wconf 84' lang='lat' dir='ltr'>rhap-</span> 
     </span>
     <span class='ocr_line' id='line_1_39' title="bbox 238 2881 1729 2927; baseline 0.003 -16"><span class='ocrx_word' id='word_1_301' title='bbox 238 2881 314 2912; x_wconf 69' lang='lat' dir='ltr'>sodo</span> <span class='ocrx_word' id='word_1_302' title='bbox 329 2882 466 2913; x_wconf 83' lang='lat' dir='ltr'>maxime</span> <span class='ocrx_word' id='word_1_303' title='bbox 481 2882 689 2914; x_wconf 79' lang='lat' dir='ltr'>necessarium</span> <span class='ocrx_word' id='word_1_304' title='bbox 704 2894 768 2914; x_wconf 63' lang='lat' dir='ltr'>esse</span> <span class='ocrx_word' id='word_1_305' title='bbox 784 2883 898 2915; x_wconf 81' lang='lat' dir='ltr'>dicitur</span> <span class='ocrx_word' id='word_1_306' title='bbox 911 2887 1056 2916; x_wconf 77' lang='lat' dir='ltr'>memoria</span> <span class='ocrx_word' id='word_1_307' title='bbox 1072 2887 1168 2917; x_wconf 76' lang='lat' dir='ltr'>valere</span> <span class='ocrx_word' id='word_1_308' title='bbox 1185 2896 1214 2926; x_wconf 84' lang='lat' dir='ltr'>p.</span> <span class='ocrx_word' id='word_1_309' title='bbox 1232 2889 1302 2918; x_wconf 76' lang='lat'>539.</span> <span class='ocrx_word' id='word_1_310' title='bbox 1319 2885 1365 2922; x_wconf 65' lang='lat' dir='ltr'>E„</span> <span class='ocrx_word' id='word_1_311' title='bbox 1381 2884 1522 2927; x_wconf 86' lang='lat' dir='ltr'>nihilque</span> <span class='ocrx_word' id='word_1_312' title='bbox 1537 2883 1626 2917; x_wconf 85' lang='lat' dir='ltr'>aliud</span> <span class='ocrx_word' id='word_1_313' title='bbox 1639 2884 1729 2921; x_wconf 69' lang='lat' dir='ltr'>inest,</span> 
     </span>
    </p>
   </div>
   <div class='ocr_carea' id='block_1_7' title="bbox 927 2950 945 2957">
    <p class='ocr_par' dir='ltr' id='par_1_11' title="bbox 927 2950 945 2957">
     <span class='ocr_line' id='line_1_40' title="bbox 927 2950 945 2957; baseline 0 0"><span class='ocrx_word' id='word_1_314' title='bbox 927 2950 945 2957; x_wconf 65' lang='lat' dir='ltr'>..a</span> 
     </span>
    </p>
   </div>
  </div>
 </body>
</html>
