1856 3235
556 189 1123 239 PROLEGOMENA.
1502 191 1523 230 1
1535 190 1601 232 95

99 326 256 374 minus
281 324 523 388 poeticam
557 338 699 386 prosa
723 321 1002 385 eloquentia
1024 328 1124 368 tam
1149 318 1310 375 celeri,
1337 335 1481 382 quam
1505 333 1588 366 na-

99 400 208 440 tura
229 390 395 445 ferret,
417 388 574 452 gradu
598 396 899 451 sequeretur.

164 457 323 514 Quam
347 455 409 501 ob
432 470 534 502 rem
571 454 860 517 scripturam
894 459 1086 501 tentare
1122 458 1172 499 et
1196 451 1444 498 communi
1477 451 1587 498 usui

97 531 261 586 aptare
283 519 426 583 plane
450 519 581 566 idem
605 519 801 567 videtur
823 518 986 575 fuisse,
1013 525 1160 582 atque
1184 532 1376 581 prosam
1394 524 1586 564 tentare

94 597 144 637 et
175 588 226 634 in
250 601 307 632 ea
345 584 618 632 excolenda
640 602 691 632 se
725 601 924 648 ponere.
994 584 1172 648 Neque
1197 582 1327 630 enim
1364 589 1469 629 tum
1493 582 1589 644 pri-

93 668 226 701 mum
260 650 572 697 nascebatur:
625 650 817 698 cultura
850 651 998 698 modo
1041 649 1265 697 defuerat
1305 655 1356 696 et
1395 647 1587 694 confor-

92 717 240 766 matio
264 715 503 779 quaedam‚
527 715 579 761 in
601 716 753 778 ligno,
779 716 1002 772 metalliS‚
1026 715 1266 779 lapidibus
1290 729 1391 761 non
1414 712 1586 760 melius

91 781 363 849 procedens
404 797 549 844 quam
585 781 637 827 in
659 779 883 828 familiari
906 798 1144 838 sermone,
1186 781 1238 828 in
1262 778 1494 844 epistolis,
1535 777 1587 824 in

94 847 426 898 concionibus.
498 846 575 894 Ex
615 862 712 910 quo
751 845 875 892 illud
897 863 1091 909 quoque
1131 847 1250 894 mihi
1273 845 1443 893 videor
1482 842 1587 907 pul-

94 915 209 963 chre
232 913 525 978 perspicere,
554 928 641 960 cur
664 928 809 960 nemo
832 920 1057 959 veterum
1081 928 1163 959 eos
1196 913 1248 958 in
1273 910 1588 975 scriptoribus

92 996 248 1046 prosae
272 989 512 1035 numeret,
539 978 622 1042 qui
647 978 867 1025 nondum
889 976 1117 1041 portabili
1150 977 1352 1025 materia
1390 976 1452 1024 ad
1476 976 1589 1023 scri-

91 1045 308 1096 bendum
326 1045 399 1092 usi
415 1052 568 1101 erant,
589 1044 663 1092 uti
681 1044 784 1108 ipse
804 1043 952 1091 Solon
970 1044 1021 1090 in
1039 1042 1230 1107 legibus
1248 1043 1361 1090 suis.
1422 1041 1589 1089 Multo

94 1112 254 1160 minus
294 1111 344 1157 in
379 1111 512 1158 hunc
550 1126 808 1158 numerum
843 1109 1037 1157 admitti
1071 1109 1234 1173 potuit
1273 1107 1589 1173 Hipparchus

91 1185 292 1243 propter
314 1177 487 1225 breves
522 1177 787 1224 sententias
824 1183 874 1223 et
907 1183 1152 1240 praecepta
1185 1190 1391 1231 morum,
1418 1191 1527 1238 quae
1550 1174 1590 1220 is

96 1250 160 1295 70
199 1242 302 1290 fere
340 1243 476 1290 annis
513 1250 624 1306 post
659 1241 887 1290 Solonem
922 1241 1129 1305 publicis
1165 1242 1496 1289 monumentis
1519 1241 1590 1288 in-

96 1308 366 1372 sculpenda
406 1308 595 1356 curavit
618 1307 650 1355 ².
736 1308 845 1357 Jam
884 1307 923 1354 si
959 1307 1073 1355 novi
1113 1307 1307 1371 generis
1345 1307 1590 1355 scribendi

94 1382 320 1423 auctores
341 1374 660 1438 perhibentur
683 1374 714 1421 ii
735 1374 838 1430 soli,
860 1373 941 1437 qui
957 1373 1091 1438 justa
1110 1373 1359 1421 volumina
1378 1373 1590 1421 condere

93 1441 425 1496 instituerunt,
451 1447 507 1487 ut
549 1440 763 1488 Cadmus
788 1439 1029 1496 Milesius,
1074 1438 1383 1503 Pherecydes
1425 1439 1591 1503 Syrius

96 1515 148 1555 et
170 1506 265 1562 alii,
309 1506 622 1553 Pisistratidis
663 1505 887 1569 aequales,
932 1506 1008 1569 (in
1042 1505 1137 1552 hoc
1179 1505 1308 1552 enim
1334 1504 1589 1553 manifeste

95 1572 251 1620 omnis
275 1571 475 1634 antiqua
496 1571 625 1619 fama
649 1571 929 1632 convenitz)
964 1571 1016 1618 id
1040 1587 1219 1634 magno
1239 1579 1312 1618 est
1335 1588 1590 1635 argumen-

91 1645 162 1695 to,
179 1637 402 1685 librorum
425 1638 750 1699 confectionem
769 1646 819 1685 et
837 1637 966 1701 apud
993 1636 1137 1684 Iones
1158 1644 1208 1684 et
1231 1637 1362 1701 apud
1379 1637 1589 1701 reliquos

93 1702 298 1752 Graecos
322 1702 415 1752 hac
437 1703 542 1767 ipsa
565 1711 708 1752 aetate
732 1704 943 1767 priorem
967 1718 1067 1751 non
1090 1701 1254 1750 fuisse.

737 1904 940 1953 XVIII.

160 2035 417 2084 Hactenus
441 2037 650 2101 experiri
690 2037 950 2096 voluimus,
978 2053 1075 2102 quo
1097 2036 1504 2102 progrederemur
1540 2036 1592 2084 in

93 2102 186 2149 hac
212 2104 555 2159 controversia,
582 2103 822 2151 universae
844 2103 1057 2152 historiae
1091 2103 1382 2151 testimoniis
1407 2102 1593 2150 adhibi-

92 2168 170 2224 tis,
197 2183 296 2215 non
320 2169 610 2219 auctoritate
637 2168 843 2218 Homeri
867 2178 918 2218 et
936 2170 1245 2233 antiquorum
1268 2169 1593 2233 interpretum

95 2234 214 2297 ejus.
284 2234 431 2282 Nunc
456 2251 546 2298 age
571 2236 879 2284 attendamus
905 2237 1134 2293 animum,
1179 2235 1296 2300 quid
1322 2235 1518 2283 demum
1544 2234 1592 2281 hi

93 2299 309 2356 afferant,
336 2299 530 2363 rejectis
552 2310 732 2359 tamen,
760 2303 884 2350 sicut
906 2319 993 2367 par
1017 2310 1105 2359 est,
1132 2302 1204 2358 iis,
1232 2303 1314 2367 qui
1339 2301 1594 2350 vetustatis

93 2365 321 2413 incuriosi
363 2366 424 2413 de
466 2367 691 2430 operibus
735 2367 955 2426 Homeri,
1002 2369 1208 2417 Hesiodi
1246 2377 1296 2417 et
1336 2368 1594 2432 aequalium

91 2431 295 2495 perinde
330 2430 596 2496 loquuntur
630 2442 861 2498 tanquam
886 2435 948 2483 de
990 2435 1238 2499 quibusvis
1260 2435 1393 2482 libris
1428 2433 1597 2482 biblio-

93 2495 252 2545 thecae
277 2513 389 2554 suae‚
416 2498 494 2546 vel
518 2499 762 2547 scribendi
797 2501 1037 2550 vocabulo
1071 2510 1278 2549 utuntur
1312 2500 1501 2565 vulgari
1526 2516 1595 2548 er-

96 2578 203 2611 rore
226 2563 337 2621 stili,
366 2581 464 2611 non
490 2565 636 2612 animi
652 2565 858 2629 judicio.
931 2567 1010 2615 Ita
1031 2567 1135 2632 ipse
1160 2568 1293 2625 mihi,
1332 2569 1414 2631 qui
1438 2565 1597 2617 ἀοιδοὸς

138 2712 162 2752 a
180 2703 256 2734 Noti
270 2706 457 2748 Ἱππάρχειοι
471 2708 583 2749 Ἑρμαῖ
594 2706 670 2736 olim
685 2706 813 2747 quidem
829 2717 848 2737 e
865 2707 1010 2744 Comicis,
1026 2708 1120 2740 hodie
1135 2709 1169 2740 in
1185 2710 1295 2749 primis
1317 2720 1354 2740 ex
1371 2715 1497 2740 auctore
1522 2706 1594 2738 Pla-

97 2747 194 2794 tpmci
211 2747 294 2777 Dial.
310 2749 364 2789 qui
381 2749 586 2788 Hipparchus
601 2750 790 2780 inscribitur.
834 2751 934 2782 Plura
950 2762 977 2781 v.
991 2752 1024 2782 in
1042 2753 1164 2784 Meurs.
1186 2754 1254 2784 Att.
1271 2754 1370 2784 Lectt.
1395 2754 1434 2782 V.
1452 2755 1480 2782 7.
1496 2757 1525 2782 et
1544 2751 1598 2780 Pi-

95 2794 174 2838 ειεξιτ.
194 2793 241 2821 12.
289 2791 338 2822 Ne
352 2801 425 2822 vero
440 2802 477 2822 ex
493 2793 543 2823 his
558 2793 813 2833 inscriptionibus
827 2794 963 2835 colligas,
980 2805 1018 2826 eo
1028 2801 1168 2836 tempore
1186 2797 1329 2837 quemvis
1346 2795 1480 2826 Athenis
1495 2795 1599 2834 legere

97 2841 198 2862 scisse.
245 2832 284 2863 Id
298 2834 460 2876 aliquanto
476 2842 544 2875 post
559 2837 653 2866 etiam
683 2847 855 2876 paucorum
872 2837 936 2869 fuit
949 2848 987 2869 ex
1003 2839 1217 2881 magnanimis
1244 2839 1433 2878 Cecropidis.
1479 2838 1599 2868 Potue-

94 2882 300 2949 {zrgutamen
317 2877 338 2907 ii
355 2878 396 2909 ad
410 2877 598 2910 discendum
623 2879 746 2910 invitari
774 2880 831 2911 illo
846 2881 998 2918 instituto,
1017 2892 1080 2913 nou
1103 2884 1218 2923 pejore,
1236 2883 1357 2923 opinor.
1390 2881 1598 2911 elementariis

110 2928 117 2947 ι
195 2930 209 2950 s
230 2927 351 2951 nostris.
