1856 3235
0 2883 2 2929 l

0 2935 3 2978 Ι

518 212 1081 264 PROLEGOMENA‚
1492 225 1586 266 805

834 404 922 454 LI.

159 537 306 588 Nunc
328 537 465 586 nobis
484 553 614 586 unus
651 545 800 586 restat
825 555 851 586 e
877 538 1073 587 Criticis
1098 538 1432 600 nobilioribus,
1458 543 1576 592 Crat«-

96 615 168 654 tes
193 603 436 660 Mallotes,
473 604 556 667 qui
597 620 624 651 a
647 603 876 668 singulari
901 605 1061 652 studio
1084 610 1242 669 poetae
1280 606 1577 657 Homericus

93 671 253 718 dictus·
283 678 370 725 est,
417 670 688 717 Aristarchi
735 670 867 718 idem
920 671 1122 718 aemulus
1176 679 1226 719 et
1271 673 1571 722 adversarius

89 735 394 786 acerrimus².
420 782 423 785 Α
464 734 513 781 Is
538 734 752 782 scholam
776 736 970 783 videtur
1007 737 1283 785 condidisse
1310 738 1562 802 Pergama,

89 799 291 849 similem
316 800 655 856 Aristarcheae,
704 817 797 849 nec
822 801 982 849 minus
1007 802 1248 850 celebrem
1274 803 1520 867 discipulis
1536 805 1571 852 b.

86 865 214 915 Nam
235 873 292 914 ut
316 867 374 913 ab
401 865 729 929 Aristophane
754 875 868 914 sunt
893 867 1256 932 Aristophanei,
1276 870 1334 917 ab
1362 869 1572 917 Aristar-

90 929 182 978 cho
201 930 547 988 ·JAristarchei,
599 932 668 979 ita
713 932 930 980 Cratetei
975 933 1280 998 appellantur
1333 935 1572 992 nonnulli,

87 995 258 1058 quibus
296 1004 346 1044 et
370 996 483 1061 ipsis
520 997 878 1046 aemulationem
915 1007 966 1047 et
1001 1001 1267 1047 certamina
1304 1001 1573 1065 reperimus

84 1060 233 1108 fuisse
280 1078 393 1109 cum
462 1062 785 1110 Aristarcheis
804 1074 837 1109 ⁶.
896 1066 898 1068 ’
922 1064 1183 1128 Postquam
1241 1066 1369 1114 enim
1432 1083 1574 1131 reges

88 1126 375 1174 animosiora
393 1127 555 1175 studia
572 1128 860 1191 expulerant
880 1145 940 1191 ex
963 1130 1243 1178 civitatibus
1267 1132 1572 1189 Graecorum,

93 1208 230 1239 amor
258 1192 631 1240 contentionum
654 1194 705 1240 in
730 1193 917 1241 scholas
938 1194 1213 1242 Rhetorum
1239 1203 1289 1243 et
1325 1197 1576 1245 Gramma-

87 1257 300 1304 ticorum
323 1258 563 1321 migravit,
592 1265 655 1314 et,
682 1259 755 1305 uti
780 1259 893 1305 olim
919 1260 980 1307 de
1000 1260 1276 1323 principatu
1299 1262 1350 1308 in
1386 1280 1438 1310 re
1484 1280 1572 1326 pu-

85 1321 231 1380 blica,
249 1323 318 1371 ita
330 1339 464 1370 nunc
480 1323 540 1370 de
559 1325 887 1386 grammaticis
904 1325 1271 1388 quaestiunculis
1294 1329 1577 1390 gravissime

86 1388 215 1436 inter
239 1404 288 1436 se
314 1396 577 1436 certarunt.
627 1389 706 1437 Ac
728 1389 924 1436 videtur
948 1391 1145 1453 quidem
1171 1391 1341 1440 Crates
1368 1393 1578 1442 Aristar-

88 1453 184 1501 cho
201 1470 371 1518 parum
389 1454 585 1502 cessisse
610 1454 967 1503 existimatione
997 1456 1269 1519 aequalium,
1297 1459 1476 1523 quippe
1495 1461 1579 1523 qui

87 1535 198 1566 cum
226 1519 309 1567 illo
334 1519 384 1565 in
409 1519 676 1583 coryphaeis
701 1519 844 1583 hujus
863 1522 977 1568 artis
1001 1529 1283 1569 numeretur
1307 1522 1341 1580 d,
1382 1540 1578 1572 novam-

85 1594 179 1648 que
202 1585 406 1648 gloriam
432 1585 626 1632 duxerit
650 1601 711 1632 ex
737 1602 810 1642 eo,
849 1586 981 1650 quod
1004 1586 1279 1634 doctrinam
1324 1588 1575 1638 literarum

90 1649 277 1713 primus
298 1650 502 1713 pertulit
526 1650 586 1697 ad
613 1651 859 1698 Romanos
879 1664 914 1699 ⁶.

147 1715 416 1763 Permirum
441 1723 528 1772 est,
549 1716 600 1762 in
623 1717 789 1780 paucis
808 1717 1022 1781 reliquiis
1042 1718 1143 1782 ejus
1160 1720 1272 1767 satis
1297 1723 1577 1786 argumenti

82 1797 207 1837 esse,
234 1789 304 1837 ut,
332 1781 505 1844 quibus
543 1781 604 1829 de
627 1783 772 1829 rebus
797 1798 909 1830 cum
936 1785 1222 1833 Aristarcho
1248 1788 1578 1845 contenderit,

86 1854 136 1894 et
153 1854 389 1910 quantum
412 1846 612 1894 inferior
635 1846 785 1896 fuerit
807 1849 906 1905 illo,
935 1851 1164 1913 suspicari
1187 1851 1349 1900 liceat.
1420 1852 1582 1902 Immo

85 1911 264 1959 nullius
303 1920 525 1960 veterum
573 1913 871 1962 Criticorum
912 1915 1165 1979 ingenium
1207 1925 1257 1964 et
1305 1918 1580 1967 doctrinam

89 1978 227 2024 nobis
250 1985 349 2024 tam
373 1979 499 2026 bene
534 1995 674 2026 nosse
715 1979 952 2037 videmur,
996 1998 1140 2044 quam
1167 1982 1376 2031 Cratetis
1418 1984 1577 2048 hujus.

89 2043 168 2090 Ac
191 2043 399 2106 primum
423 2043 635 2107 quidem,
676 2060 825 2108 quum
867 2046 1181 2095 Aristarchus
1221 2048 1495 2096 Homerum
1520 2051 1584 2098 ad

128 2186 147 2206 a
171 2175 283 2207 Suidas
297 2186 379 2207 vocc-
404 2178 518 2220 Kenio-m
537 2183 567 2209 et
581 2177 784 2222 'Aeso'ffaeexu-
829 2178 892 2209 Illo
907 2179 976 2210 loco
991 2179 1019 2210 ei
1042 2179 1189 2211 tribuitur
1214 2180 1358 2225 διᾶςθωσις
1384 2180 1505 2216 Ἰλιάδας
1532 2184 1585 2213 καὶ

83 2219 244 2252 Ὀδυσσείας
262 2220 287 2249 ἓν
300 2221 420 2256 βιβλίοις
435 2223 475 2251 S‘.
498 2222 549 2252 καὶ
564 2223 659 2252 ἄλλα.
706 2223 746 2251 ln
762 2222 809 2252 his
824 2224 927 2257 ἄλλως
947 2222 1083 2257 fuerunt,
1108 2229 1143 2253 ut
1159 2224 1291 2263 [opinon
1315 2225 1406 2263 plura
1428 2224 1468 2255 ad
1483 2225 1582 2256 histo-

87 2262 166 2293 riam
182 2269 213 2292 ει
227 2261 399 2293 doctrinam
415 2263 578 2302 po'e'tarum
593 2264 789 2303 pertinentia,
813 2272 844 2295 et
860 2275 940 2304 opus
955 2267 1020 2309 mg}
1035 2268 1086 2300 «ὥς
1100 2267 1239 2302 Ἀττικῆς
1263 2265 1418 2299 διαλέκτου
1432 2278 1455 2298 s.
1471 2268 1581 2306 λέξεως,

87 2305 177 2345 cujus
192 2305 338 2344 quintum
354 2305 467 2335 librum
484 2306 597 2337 excitat
613 2307 730 2338 Athen.
747 2308 809 2338 XI.
824 2318 852 2347 p.
868 2311 940 2340 497.
956 2309 992 2338 F.

128 2349 147 2377 b
171 2348 340 2386 Scripserat
355 2347 394 2379 de
408 2359 445 2378 ea
462 2348 651 2381 Ptolemaeus
667 2350 813 2380 Ascalon.
837 2352 861 2382 ἐν
878 2353 920 2391 τῷ
935 2352 998 2392 περὶ
1014 2353 1065 2386 τῆς
1084 2352 1264 2396 Κρατητεῖου
1287 2353 1416 2396 αἱρέσεως
1442 2353 1527 2384 laud.
1549 2354 1582 2384 in

88 2390 192 2421 Schol.
208 2390 246 2420 ad
263 2393 301 2430 γ’.
319 2393 388 2422 155.
435 2391 489 2421 Ad
504 2392 646 2432 ejusdem
661 2393 775 2423 scholae
789 2394 853 2424 sive
868 2399 957 2425 sectae
977 2395 1193 2425 auctoritatem
1218 2396 1312 2426 unice
1338 2397 1438 2427 refero
1464 2397 1528 2430 τοὺς
1552 2399 1583 2428 ἐκ

86 2435 248 2476 Περγάμου
265 2434 500 2477 receptam-17:065,
524 2441 557 2465 et
574 2436 637 2470 τοὺς
664 2437 871 2478 Περγαμηνοὺς
896 2438 1021 2472 πίνακας
1045 2438 1214 2478 (catalogos
1238 2440 1432 2470 classicorum
1456 2442 1582 2479 scripto-

87 2480 176 2549 aun-1)
197 2476 281 2549 apipd
298 2477 429 2517 Dionys.
446 2477 521 2526 Hal.
538 2477 576 2508 T.
593 2478 633 2507 V.
649 2478 756 2509 Reisk.
771 2489 800 2518 p.
815 2483 886 2511 630.
901 2484 982 2517 661„
1006 2480 1060 2512 ubi
1089 2481 1232 2522 Sylburg.
1259 2482 1341 2512 male
1364 2482 1521 2523 cogitabat
1544 2482 1583 2512 dc

123 2525 227 2549 nstarc
250 2529 280 2550 ο.

133 2571 152 2591 c
175 2561 220 2592 Ut
237 2561 397 2593 Hcrodico
414 2562 522 2603 Babyl.
537 2562 576 2594 de
591 2574 654 2603 quo
670 2575 697 2594 v.
714 2564 799 2595 Ions.
817 2565 848 2595 S.
864 2565 909 2596 H.
926 2565 962 2596 P.
980 2566 1028 2597 11.
1057 2570 1104 2597 13.
1128 2571 1158 2598 6.
1181 2567 1264 2598 conf.
1292 2567 1406 2598 Scholl.
1421 2567 1462 2598 ad
1490 2567 1517 2597 γ’.
1535 2571 1584 2598 99.

91 2605 122 2634 ν’.
137 2606 201 2642 55.,
220 2604 246 2634 si
261 2605 356 2635 modo
371 2606 421 2636 hic
438 2606 520 2636 idem
537 2613 582 2636 est
600 2607 786 2642 Herodicus‚
808 2607 946 2640 diversus
966 2609 1018 2639 ille
1033 2610 1159 2650 quidem
1175 2612 1214 2640 ab
1243 2611 1404 2642 Herodico
1430 2609 1584 2650 Selybria-

90 2656 144 2683 no,
167 2653 242 2677 noto
257 2648 387 2684 medico,
410 2651 435 2679 ι’.
453 2652 524 2680 453.
549 2653 588 2680 λ’.
605 2653 676 2680 515.
722 2651 772 2681 De
791 2651 952 2682 Zenodoto
968 2653 1112 2684 Crateteo
1126 2653 1218 2683 attuli
1242 2654 1453 2694 conjecturam
1481 2662 1585 2682 meam

90 2699 119 2727 p.
144 2692 214 2720 267.
268 2690 456 2722 Tauriscum
481 2692 567 2723 addit
595 2693 706 2723 Sextus
734 2694 855 2733 Empir.
883 2705 909 2724 c.
937 2695 1040 2725 Math.
1076 2696 1104 2726 Ι.
1129 2700 1201 2726 248.
1235 2696 1454 2727 Alexandrum
1489 2695 1584 2734 Poly-

88 2731 238 2762 historem
255 2733 342 2764 Suid.
357 2734 396 2765 T.
414 2735 439 2765 Ι.
456 2745 484 2773 ρ.
505 2739 573 2766 104.
620 2736 737 2766 Contra
752 2736 920 2768 laudantur
934 2737 1006 2768 libri
1022 2739 1169 2779 Dionysii
1187 2739 1320 2770 Thracis
1342 2745 1373 2770 et
1390 2737 1584 2769 Parmenisci

89 2775 157 2846 σςόἆ
175 2775 324 2848 {goie-nni
347 2779 489 2809 adversus
508 2778 568 2814 Cr.,
592 2779 631 2809 ad
646 2781 685 2810 θ’.
703 2779 822 2829 415..ι’.
839 2783 911 2810 460.

138 2869 156 2889 e
180 2819 307 2891 Siti-ggii.
323 2830 371 2892 dg
371 2823 435 2892 iiio
435 2821 944 2897 .G(1:{in)m÷{i‘tg·sulliinri)igin1ora4t4us
960 2867 1087 2899 Anulus
1101 2869 1187 2899 haud
1202 2869 1296 2900 dubie
1320 2873 1365 2898 est
1395 2867 1444 2897 Π.
1469 2875 1587 2907 cogno-

59 2918 61 2920 -
92 2901 176 2932 mine
193 2903 426 2945 Philadelphus,
450 2907 503 2947 qui
519 2907 667 2949 Pergami
696 2909 788 2949 coepit
805 2918 934 2949 regnare
958 2911 1083 2951 Olymp.
1102 2913 1190 2943 CLV
1228 2916 1255 2941 Q.
1274 2914 1313 2943 Α.
1332 2911 1372 2943 U.
1389 2912 1426 2944 C.
1451 2911 1587 2943 Dxcv

153 2962 241 2998 VoL.
270 2964 314 2998 V.
786 2969 820 3013 Q
847 2981 869 3014 q
