<?xml version="1.0" encoding="UTF-8"?>
<!DOCTYPE html PUBLIC "-//W3C//DTD XHTML 1.0 Transitional//EN"
    "http://www.w3.org/TR/xhtml1/DTD/xhtml1-transitional.dtd">
<html xmlns="http://www.w3.org/1999/xhtml" xml:lang="en" lang="en">
 <head>
  <title>
</title>
<meta http-equiv="Content-Type" content="text/html;charset=utf-8" />
  <meta name='ocr-system' content='tesseract 3.04.00' />
  <meta name='ocr-capabilities' content='ocr_page ocr_carea ocr_par ocr_line ocrx_word'/>
</head>
<body>
  <div class='ocr_page' id='page_1' title='image "./operaomnia05home_0214.png"; bbox 0 0 1856 3235; ppageno 0'>
   <div class='ocr_carea' id='block_1_1' title="bbox 201 175 1258 251">
    <p class='ocr_par' dir='ltr' id='par_1_1' title="bbox 201 175 1258 251">
     <span class='ocr_line' id='line_1_1' title="bbox 201 175 1258 251; baseline 0.001 -1"><span class='ocrx_word' id='word_1_1' title='bbox 201 175 294 250; x_wconf 75' lang='lat'>19&#39;0</span> <span class='ocrx_word' id='word_1_2' title='bbox 698 199 1258 251; x_wconf 81' lang='lat' dir='ltr'>PROLEGOMENA.</span> 
     </span>
    </p>
   </div>
   <div class='ocr_carea' id='block_1_2' title="bbox 194 330 1692 1905">
    <p class='ocr_par' dir='ltr' id='par_1_2' title="bbox 195 330 1684 789">
     <span class='ocr_line' id='line_1_2' title="bbox 195 330 1683 397; baseline 0.003 -18"><span class='ocrx_word' id='word_1_3' title='bbox 195 332 315 379; x_wconf 85' lang='lat' dir='ltr'>riem</span> <span class='ocrx_word' id='word_1_4' title='bbox 340 330 569 380; x_wconf 91' lang='lat' dir='ltr'>collectas</span> <span class='ocrx_word' id='word_1_5' title='bbox 593 349 621 380; x_wconf 87' lang='lat' dir='ltr'>a</span> <span class='ocrx_word' id='word_1_6' title='bbox 645 332 919 382; x_wconf 86' lang='lat' dir='ltr'>Callistrato</span> <span class='ocrx_word' id='word_1_7' title='bbox 943 333 1168 397; x_wconf 86' lang='lat' dir='ltr'>quodam,</span> <span class='ocrx_word' id='word_1_8' title='bbox 1206 341 1319 381; x_wconf 87' lang='lat' dir='ltr'>ante</span> <span class='ocrx_word' id='word_1_9' title='bbox 1360 333 1477 381; x_wconf 85' lang='lat' dir='ltr'>alios</span> <span class='ocrx_word' id='word_1_10' title='bbox 1515 334 1683 383; x_wconf 88' lang='lat' dir='ltr'>Ionica</span> 
     </span>
     <span class='ocr_line' id='line_1_3' title="bbox 197 397 1683 463; baseline 0.002 -19"><span class='ocrx_word' id='word_1_11' title='bbox 197 398 362 445; x_wconf 87' lang='lat' dir='ltr'>Samos</span> <span class='ocrx_word' id='word_1_12' title='bbox 384 397 579 460; x_wconf 90' lang='lat' dir='ltr'>publice</span> <span class='ocrx_word' id='word_1_13' title='bbox 603 399 906 462; x_wconf 86' lang='lat' dir='ltr'>usurpavisse</span> <span class='ocrx_word' id='word_1_14' title='bbox 933 399 1086 447; x_wconf 91' lang='lat' dir='ltr'>fertur</span> <span class='ocrx_word' id='word_1_15' title='bbox 1105 409 1136 447; x_wconf 76' lang='lat'>².</span> <span class='ocrx_word' id='word_1_16' title='bbox 1207 401 1376 463; x_wconf 82' lang='lat' dir='ltr'><strong>Atque</strong></span> <span class='ocrx_word' id='word_1_17' title='bbox 1417 399 1512 447; x_wconf 89' lang='lat' dir='ltr'>hoc</span> <span class='ocrx_word' id='word_1_18' title='bbox 1555 399 1683 447; x_wconf 89' lang='lat' dir='ltr'>Ioni·</span> 
     </span>
     <span class='ocr_line' id='line_1_4' title="bbox 197 463 1682 529; baseline 0.001 -19"><span class='ocrx_word' id='word_1_19' title='bbox 197 479 309 510; x_wconf 90' lang='lat' dir='ltr'>cum</span> <span class='ocrx_word' id='word_1_20' title='bbox 360 463 669 527; x_wconf 81' lang='lat' dir='ltr'>alphabetum</span> <span class='ocrx_word' id='word_1_21' title='bbox 710 473 773 510; x_wconf 80' lang='lat'>24</span> <span class='ocrx_word' id='word_1_22' title='bbox 815 464 1062 512; x_wconf 90' lang='lat' dir='ltr'>literarum</span> <span class='ocrx_word' id='word_1_23' title='bbox 1102 482 1130 512; x_wconf 86' lang='lat' dir='ltr'>a</span> <span class='ocrx_word' id='word_1_24' title='bbox 1167 465 1347 529; x_wconf 89' lang='lat' dir='ltr'>populo</span> <span class='ocrx_word' id='word_1_25' title='bbox 1388 464 1682 513; x_wconf 83' lang='lat' dir='ltr'>Atheniensi</span> 
     </span>
     <span class='ocr_line' id='line_1_5' title="bbox 195 528 1679 594; baseline 0.002 -19"><span class='ocrx_word' id='word_1_26' title='bbox 195 528 393 576; x_wconf 89' lang='lat' dir='ltr'>tandem</span> <span class='ocrx_word' id='word_1_27' title='bbox 440 529 646 577; x_wconf 82' lang='lat' dir='ltr'>Euclide</span> <span class='ocrx_word' id='word_1_28' title='bbox 692 529 949 577; x_wconf 88' lang='lat' dir='ltr'>Archonte</span> <span class='ocrx_word' id='word_1_29' title='bbox 996 529 1194 594; x_wconf 92' lang='lat' dir='ltr'>Olymp.</span> <span class='ocrx_word' id='word_1_30' title='bbox 1243 530 1429 579; x_wconf 90' lang='lat' dir='ltr'>XCIV.</span> <span class='ocrx_word' id='word_1_31' title='bbox 1484 540 1525 577; x_wconf 80' lang='lat'>2.</span> <span class='ocrx_word' id='word_1_32' title='bbox 1566 538 1679 578; x_wconf 88' lang='lat' dir='ltr'>ante</span> 
     </span>
     <span class='ocr_line' id='line_1_6' title="bbox 198 593 1681 660; baseline 0.002 -20"><span class='ocrx_word' id='word_1_33' title='bbox 198 593 313 641; x_wconf 85' lang='lat' dir='ltr'><strong>Chr.</strong></span> <span class='ocrx_word' id='word_1_34' title='bbox 351 603 446 641; x_wconf 81' lang='lat'>403</span> <span class='ocrx_word' id='word_1_35' title='bbox 485 602 752 658; x_wconf 90' lang='lat' dir='ltr'>receptum,</span> <span class='ocrx_word' id='word_1_36' title='bbox 790 611 882 642; x_wconf 89' lang='lat' dir='ltr'>nec</span> <span class='ocrx_word' id='word_1_37' title='bbox 920 595 987 641; x_wconf 92' lang='lat' dir='ltr'>ibi</span> <span class='ocrx_word' id='word_1_38' title='bbox 1024 603 1136 643; x_wconf 88' lang='lat' dir='ltr'>ante</span> <span class='ocrx_word' id='word_1_39' title='bbox 1179 595 1273 643; x_wconf 89' lang='lat' dir='ltr'>hoc</span> <span class='ocrx_word' id='word_1_40' title='bbox 1315 605 1504 660; x_wconf 90' lang='lat' dir='ltr'>tempus</span> <span class='ocrx_word' id='word_1_41' title='bbox 1540 612 1681 643; x_wconf 90' lang='lat' dir='ltr'>usum</span> 
     </span>
     <span class='ocr_line' id='line_1_7' title="bbox 198 659 1684 725; baseline 0.001 -19"><span class='ocrx_word' id='word_1_42' title='bbox 198 659 400 707; x_wconf 90' lang='lat' dir='ltr'>duarum</span> <span class='ocrx_word' id='word_1_43' title='bbox 424 660 679 724; x_wconf 84' lang='lat' dir='ltr'>longarum</span> <span class='ocrx_word' id='word_1_44' title='bbox 703 659 945 707; x_wconf 84' lang='lat' dir='ltr'>vocalium</span> <span class='ocrx_word' id='word_1_45' title='bbox 972 660 1273 723; x_wconf 88' lang='lat' dir='ltr'>publicatum</span> <span class='ocrx_word' id='word_1_46' title='bbox 1296 661 1497 709; x_wconf 87' lang='lat' dir='ltr'>tradunt</span> <span class='ocrx_word' id='word_1_47' title='bbox 1521 661 1684 725; x_wconf 89' lang='lat' dir='ltr'>plures</span> 
     </span>
     <span class='ocr_line' id='line_1_8' title="bbox 197 723 919 789; baseline 0 -17"><span class='ocrx_word' id='word_1_48' title='bbox 197 733 248 772; x_wconf 90' lang='lat' dir='ltr'>et</span> <span class='ocrx_word' id='word_1_49' title='bbox 271 742 331 773; x_wconf 85' lang='lat' dir='ltr'>ex</span> <span class='ocrx_word' id='word_1_50' title='bbox 355 726 566 789; x_wconf 90' lang='lat' dir='ltr'>probatis</span> <span class='ocrx_word' id='word_1_51' title='bbox 590 725 868 772; x_wconf 86' lang='lat' dir='ltr'>auctoribus</span> <span class='ocrx_word' id='word_1_52' title='bbox 888 723 919 772; x_wconf 66' lang='lat' dir='ltr'>b.</span> 
     </span>
    </p>

    <p class='ocr_par' dir='ltr' id='par_1_3' title="bbox 194 790 1692 1905">
     <span class='ocr_line' id='line_1_9' title="bbox 263 790 1687 839; baseline 0.001 -1"><span class='ocrx_word' id='word_1_53' title='bbox 263 790 409 838; x_wconf 93' lang='lat' dir='ltr'>Adeo</span> <span class='ocrx_word' id='word_1_54' title='bbox 432 807 538 838; x_wconf 89' lang='lat' dir='ltr'>sero</span> <span class='ocrx_word' id='word_1_55' title='bbox 561 790 812 838; x_wconf 83' lang='lat' dir='ltr'>literatura</span> <span class='ocrx_word' id='word_1_56' title='bbox 841 790 1128 838; x_wconf 85' lang='lat' dir='ltr'>Graecorum</span> <span class='ocrx_word' id='word_1_57' title='bbox 1163 790 1382 839; x_wconf 90' lang='lat' dir='ltr'>absoluta</span> <span class='ocrx_word' id='word_1_58' title='bbox 1417 799 1490 838; x_wconf 88' lang='lat' dir='ltr'>est</span> <span class='ocrx_word' id='word_1_59' title='bbox 1530 799 1580 838; x_wconf 90' lang='lat' dir='ltr'>et</span> <span class='ocrx_word' id='word_1_60' title='bbox 1615 809 1687 839; x_wconf 90' lang='lat' dir='ltr'>re-</span> 
     </span>
     <span class='ocr_line' id='line_1_10' title="bbox 199 855 1686 920; baseline -0.001 -16"><span class='ocrx_word' id='word_1_61' title='bbox 199 855 342 904; x_wconf 88' lang='lat' dir='ltr'>dacta</span> <span class='ocrx_word' id='word_1_62' title='bbox 364 857 414 903; x_wconf 92' lang='lat' dir='ltr'>in</span> <span class='ocrx_word' id='word_1_63' title='bbox 438 856 674 912; x_wconf 90' lang='lat' dir='ltr'>ordinem,</span> <span class='ocrx_word' id='word_1_64' title='bbox 711 856 936 920; x_wconf 89' lang='lat' dir='ltr'>primum,</span> <span class='ocrx_word' id='word_1_65' title='bbox 973 864 1029 903; x_wconf 94' lang='lat' dir='ltr'>ut</span> <span class='ocrx_word' id='word_1_66' title='bbox 1051 856 1214 904; x_wconf 89' lang='lat' dir='ltr'>multis</span> <span class='ocrx_word' id='word_1_67' title='bbox 1248 857 1308 903; x_wconf 92' lang='lat' dir='ltr'>de</span> <span class='ocrx_word' id='word_1_68' title='bbox 1346 857 1499 903; x_wconf 85' lang='lat' dir='ltr'>causis</span> <span class='ocrx_word' id='word_1_69' title='bbox 1538 856 1686 920; x_wconf 86' lang='lat' dir='ltr'>conji-</span> 
     </span>
     <span class='ocr_line' id='line_1_11' title="bbox 197 921 1688 985; baseline 0 -15"><span class='ocrx_word' id='word_1_70' title='bbox 197 922 289 978; x_wconf 87' lang='lat' dir='ltr'>cio,</span> <span class='ocrx_word' id='word_1_71' title='bbox 326 921 456 969; x_wconf 92' lang='lat' dir='ltr'>iniis</span> <span class='ocrx_word' id='word_1_72' title='bbox 482 922 774 978; x_wconf 90' lang='lat' dir='ltr'>civitatibus,</span> <span class='ocrx_word' id='word_1_73' title='bbox 813 939 920 985; x_wconf 86' lang='lat' dir='ltr'>quae</span> <span class='ocrx_word' id='word_1_74' title='bbox 945 922 1155 970; x_wconf 89' lang='lat' dir='ltr'>Siciliam</span> <span class='ocrx_word' id='word_1_75' title='bbox 1188 930 1238 970; x_wconf 90' lang='lat' dir='ltr'>et</span> <span class='ocrx_word' id='word_1_76' title='bbox 1279 922 1514 985; x_wconf 83' lang='lat' dir='ltr'>Magnam</span> <span class='ocrx_word' id='word_1_77' title='bbox 1554 922 1688 970; x_wconf 87' lang='lat' dir='ltr'>Grae-</span> 
     </span>
     <span class='ocr_line' id='line_1_12' title="bbox 197 987 1686 1051; baseline -0.001 -16"><span class='ocrx_word' id='word_1_78' title='bbox 197 988 320 1035; x_wconf 90' lang='lat' dir='ltr'>ciam</span> <span class='ocrx_word' id='word_1_79' title='bbox 344 988 592 1045; x_wconf 89' lang='lat' dir='ltr'>tenebant,</span> <span class='ocrx_word' id='word_1_80' title='bbox 629 996 735 1035; x_wconf 89' lang='lat' dir='ltr'>tum</span> <span class='ocrx_word' id='word_1_81' title='bbox 759 988 808 1034; x_wconf 91' lang='lat' dir='ltr'>in</span> <span class='ocrx_word' id='word_1_82' title='bbox 843 988 924 1035; x_wconf 90' lang='lat' dir='ltr'>illa</span> <span class='ocrx_word' id='word_1_83' title='bbox 963 988 1165 1051; x_wconf 90' lang='lat' dir='ltr'>posthac</span> <span class='ocrx_word' id='word_1_84' title='bbox 1205 988 1454 1036; x_wconf 81' lang='lat' dir='ltr'>literarum</span> <span class='ocrx_word' id='word_1_85' title='bbox 1493 987 1686 1035; x_wconf 83' lang='lat' dir='ltr'>confici-</span> 
     </span>
     <span class='ocr_line' id='line_1_13' title="bbox 196 1053 1686 1110; baseline -0.001 -9"><span class='ocrx_word' id='word_1_86' title='bbox 196 1053 442 1101; x_wconf 89' lang='lat' dir='ltr'>entissima</span> <span class='ocrx_word' id='word_1_87' title='bbox 465 1055 601 1110; x_wconf 87' lang='lat' dir='ltr'>urbe,</span> <span class='ocrx_word' id='word_1_88' title='bbox 647 1053 872 1101; x_wconf 91' lang='lat' dir='ltr'>Athenis.</span> <span class='ocrx_word' id='word_1_89' title='bbox 943 1054 1040 1102; x_wconf 89' lang='lat' dir='ltr'>Sed</span> <span class='ocrx_word' id='word_1_90' title='bbox 1081 1054 1352 1102; x_wconf 89' lang='lat' dir='ltr'>cavendum</span> <span class='ocrx_word' id='word_1_91' title='bbox 1395 1061 1469 1101; x_wconf 91' lang='lat' dir='ltr'>est</span> <span class='ocrx_word' id='word_1_92' title='bbox 1508 1070 1686 1110; x_wconf 91' lang='lat' dir='ltr'>rursus,</span> 
     </span>
     <span class='ocr_line' id='line_1_14' title="bbox 195 1119 1688 1176; baseline 0 -11"><span class='ocrx_word' id='word_1_93' title='bbox 195 1135 258 1165; x_wconf 89' lang='lat' dir='ltr'>ne</span> <span class='ocrx_word' id='word_1_94' title='bbox 281 1126 380 1166; x_wconf 92' lang='lat' dir='ltr'>tam</span> <span class='ocrx_word' id='word_1_95' title='bbox 407 1135 567 1165; x_wconf 90' lang='lat' dir='ltr'>serum</span> <span class='ocrx_word' id='word_1_96' title='bbox 591 1136 732 1166; x_wconf 91' lang='lat' dir='ltr'>usum</span> <span class='ocrx_word' id='word_1_97' title='bbox 761 1119 1002 1167; x_wconf 87' lang='lat' dir='ltr'>scribendi</span> <span class='ocrx_word' id='word_1_98' title='bbox 1039 1120 1308 1176; x_wconf 89' lang='lat' dir='ltr'>credamus,</span> <span class='ocrx_word' id='word_1_99' title='bbox 1346 1127 1430 1167; x_wconf 91' lang='lat' dir='ltr'>aut</span> <span class='ocrx_word' id='word_1_100' title='bbox 1465 1120 1516 1166; x_wconf 88' lang='lat' dir='ltr'>in</span> <span class='ocrx_word' id='word_1_101' title='bbox 1556 1119 1688 1167; x_wconf 92' lang='lat' dir='ltr'>omni</span> 
     </span>
     <span class='ocr_line' id='line_1_15' title="bbox 197 1182 1688 1248; baseline 0 -17"><span class='ocrx_word' id='word_1_102' title='bbox 197 1182 392 1231; x_wconf 85' lang='lat' dir='ltr'>Graecia</span> <span class='ocrx_word' id='word_1_103' title='bbox 437 1185 609 1231; x_wconf 90' lang='lat' dir='ltr'>eodem</span> <span class='ocrx_word' id='word_1_104' title='bbox 655 1192 874 1248; x_wconf 87' lang='lat' dir='ltr'>tempore</span> <span class='ocrx_word' id='word_1_105' title='bbox 913 1185 1207 1232; x_wconf 91' lang='lat' dir='ltr'>institutum.</span> <span class='ocrx_word' id='word_1_106' title='bbox 1301 1185 1445 1232; x_wconf 87' lang='lat' dir='ltr'>Iones</span> <span class='ocrx_word' id='word_1_107' title='bbox 1491 1185 1688 1248; x_wconf 89' lang='lat' dir='ltr'>quidem</span> 
     </span>
     <span class='ocr_line' id='line_1_16' title="bbox 195 1249 1689 1314; baseline 0 -18"><span class='ocrx_word' id='word_1_108' title='bbox 195 1265 346 1312; x_wconf 91' lang='lat' dir='ltr'>quum</span> <span class='ocrx_word' id='word_1_109' title='bbox 381 1256 457 1296; x_wconf 91' lang='lat' dir='ltr'>tot</span> <span class='ocrx_word' id='word_1_110' title='bbox 480 1249 582 1296; x_wconf 92' lang='lat' dir='ltr'>aliis</span> <span class='ocrx_word' id='word_1_111' title='bbox 623 1251 765 1297; x_wconf 89' lang='lat' dir='ltr'>rebus</span> <span class='ocrx_word' id='word_1_112' title='bbox 808 1250 1017 1314; x_wconf 84' lang='lat' dir='ltr'>Europae</span> <span class='ocrx_word' id='word_1_113' title='bbox 1042 1257 1264 1314; x_wconf 82' lang='lat' dir='ltr'>cognatae</span> <span class='ocrx_word' id='word_1_114' title='bbox 1302 1249 1578 1313; x_wconf 85' lang='lat' dir='ltr'>exemplum</span> <span class='ocrx_word' id='word_1_115' title='bbox 1618 1250 1689 1303; x_wconf 52' lang='lat' dir='ltr'>ni,-</span> 
     </span>
     <span class='ocr_line' id='line_1_17' title="bbox 195 1314 1690 1379; baseline 0.001 -17"><span class='ocrx_word' id='word_1_116' title='bbox 195 1314 384 1362; x_wconf 91' lang='lat' dir='ltr'>tidioris</span> <span class='ocrx_word' id='word_1_117' title='bbox 408 1315 567 1362; x_wconf 87' lang='lat' dir='ltr'>cultus</span> <span class='ocrx_word' id='word_1_118' title='bbox 592 1315 764 1363; x_wconf 89' lang='lat' dir='ltr'>darent</span> <span class='ocrx_word' id='word_1_119' title='bbox 788 1323 839 1363; x_wconf 90' lang='lat' dir='ltr'>et</span> <span class='ocrx_word' id='word_1_120' title='bbox 877 1315 1077 1362; x_wconf 90' lang='lat' dir='ltr'>humani</span> <span class='ocrx_word' id='word_1_121' title='bbox 1110 1324 1159 1363; x_wconf 92' lang='lat' dir='ltr'>et</span> <span class='ocrx_word' id='word_1_122' title='bbox 1199 1315 1367 1372; x_wconf 89' lang='lat' dir='ltr'>civilis,</span> <span class='ocrx_word' id='word_1_123' title='bbox 1404 1323 1690 1379; x_wconf 87' lang='lat' dir='ltr'>matureque</span> 
     </span>
     <span class='ocr_line' id='line_1_18' title="bbox 194 1380 1692 1437; baseline 0.001 -9"><span class='ocrx_word' id='word_1_124' title='bbox 194 1380 337 1428; x_wconf 86' lang='lat' dir='ltr'>variis</span> <span class='ocrx_word' id='word_1_125' title='bbox 375 1381 555 1428; x_wconf 90' lang='lat' dir='ltr'>artibus</span> <span class='ocrx_word' id='word_1_126' title='bbox 581 1389 631 1429; x_wconf 91' lang='lat' dir='ltr'>et</span> <span class='ocrx_word' id='word_1_127' title='bbox 655 1382 958 1429; x_wconf 89' lang='lat' dir='ltr'>commerciis</span> <span class='ocrx_word' id='word_1_128' title='bbox 982 1381 1225 1437; x_wconf 88' lang='lat' dir='ltr'>florerent,</span> <span class='ocrx_word' id='word_1_129' title='bbox 1262 1381 1340 1429; x_wconf 88' lang='lat' dir='ltr'>vel</span> <span class='ocrx_word' id='word_1_130' title='bbox 1376 1388 1573 1429; x_wconf 90' lang='lat' dir='ltr'>tacente</span> <span class='ocrx_word' id='word_1_131' title='bbox 1597 1380 1692 1429; x_wconf 87' lang='lat' dir='ltr'>his-</span> 
     </span>
     <span class='ocr_line' id='line_1_19' title="bbox 194 1446 1692 1511; baseline 0 -17"><span class='ocrx_word' id='word_1_132' title='bbox 194 1446 319 1494; x_wconf 88' lang='lat' dir='ltr'>toria</span> <span class='ocrx_word' id='word_1_133' title='bbox 342 1446 599 1495; x_wconf 85' lang='lat' dir='ltr'>verisimile</span> <span class='ocrx_word' id='word_1_134' title='bbox 623 1455 764 1504; x_wconf 89' lang='lat' dir='ltr'>esset,</span> <span class='ocrx_word' id='word_1_135' title='bbox 803 1464 884 1495; x_wconf 89' lang='lat' dir='ltr'>eos</span> <span class='ocrx_word' id='word_1_136' title='bbox 925 1446 1067 1511; x_wconf 89' lang='lat' dir='ltr'>hujus</span> <span class='ocrx_word' id='word_1_137' title='bbox 1109 1464 1302 1511; x_wconf 91' lang='lat' dir='ltr'>quoque</span> <span class='ocrx_word' id='word_1_138' title='bbox 1336 1446 1582 1511; x_wconf 86' lang='lat' dir='ltr'>praeclarae</span> <span class='ocrx_word' id='word_1_139' title='bbox 1620 1446 1692 1495; x_wconf 92' lang='lat' dir='ltr'>rei</span> 
     </span>
     <span class='ocr_line' id='line_1_20' title="bbox 195 1511 1691 1576; baseline 0.001 -17"><span class='ocrx_word' id='word_1_140' title='bbox 195 1511 456 1559; x_wconf 90' lang='lat' dir='ltr'>utilitatem</span> <span class='ocrx_word' id='word_1_141' title='bbox 480 1513 660 1576; x_wconf 88' lang='lat' dir='ltr'>primos</span> <span class='ocrx_word' id='word_1_142' title='bbox 685 1514 1080 1561; x_wconf 86' lang='lat' dir='ltr'>animadvertisse</span> <span class='ocrx_word' id='word_1_143' title='bbox 1111 1521 1161 1561; x_wconf 92' lang='lat' dir='ltr'>et</span> <span class='ocrx_word' id='word_1_144' title='bbox 1184 1514 1246 1560; x_wconf 88' lang='lat' dir='ltr'>ad</span> <span class='ocrx_word' id='word_1_145' title='bbox 1271 1529 1375 1561; x_wconf 89' lang='lat' dir='ltr'>eam</span> <span class='ocrx_word' id='word_1_146' title='bbox 1401 1512 1615 1560; x_wconf 89' lang='lat' dir='ltr'>studium</span> <span class='ocrx_word' id='word_1_147' title='bbox 1640 1520 1691 1561; x_wconf 91' lang='lat' dir='ltr'>et</span> 
     </span>
     <span class='ocr_line' id='line_1_21' title="bbox 194 1577 1690 1643; baseline 0.001 -19"><span class='ocrx_word' id='word_1_148' title='bbox 194 1577 446 1641; x_wconf 83' lang='lat' dir='ltr'>ingenium</span> <span class='ocrx_word' id='word_1_149' title='bbox 472 1578 733 1626; x_wconf 89' lang='lat' dir='ltr'>contulisse</span> <span class='ocrx_word' id='word_1_150' title='bbox 758 1595 913 1626; x_wconf 86' lang='lat' dir='ltr'>suum.</span> <span class='ocrx_word' id='word_1_151' title='bbox 987 1579 1182 1643; x_wconf 82' lang='lat' dir='ltr'>Quippe</span> <span class='ocrx_word' id='word_1_152' title='bbox 1214 1578 1306 1625; x_wconf 88' lang='lat' dir='ltr'>illis</span> <span class='ocrx_word' id='word_1_153' title='bbox 1331 1578 1690 1642; x_wconf 86' lang='lat' dir='ltr'>exspectandus</span> 
     </span>
     <span class='ocr_line' id='line_1_22' title="bbox 195 1642 1691 1708; baseline 0 -18"><span class='ocrx_word' id='word_1_154' title='bbox 195 1659 295 1690; x_wconf 92' lang='lat' dir='ltr'>non</span> <span class='ocrx_word' id='word_1_155' title='bbox 329 1642 424 1691; x_wconf 91' lang='lat' dir='ltr'>fuit</span> <span class='ocrx_word' id='word_1_156' title='bbox 449 1643 751 1692; x_wconf 87' lang='lat' dir='ltr'>Callistratus</span> <span class='ocrx_word' id='word_1_157' title='bbox 775 1644 978 1701; x_wconf 90' lang='lat' dir='ltr'>Samius,</span> <span class='ocrx_word' id='word_1_158' title='bbox 1015 1652 1072 1692; x_wconf 93' lang='lat' dir='ltr'>ut</span> <span class='ocrx_word' id='word_1_159' title='bbox 1095 1644 1277 1708; x_wconf 86' lang='lat' dir='ltr'>aliquid</span> <span class='ocrx_word' id='word_1_160' title='bbox 1301 1645 1481 1708; x_wconf 89' lang='lat' dir='ltr'>scripto</span> <span class='ocrx_word' id='word_1_161' title='bbox 1501 1644 1691 1708; x_wconf 84' lang='lat' dir='ltr'>consig-</span> 
     </span>
     <span class='ocr_line' id='line_1_23' title="bbox 195 1709 1690 1774; baseline 0.001 -19"><span class='ocrx_word' id='word_1_162' title='bbox 195 1725 310 1756; x_wconf 91' lang='lat' dir='ltr'>nare</span> <span class='ocrx_word' id='word_1_163' title='bbox 334 1716 604 1757; x_wconf 84' lang='lat' dir='ltr'>tentarent:</span> <span class='ocrx_word' id='word_1_164' title='bbox 633 1710 735 1774; x_wconf 85' lang='lat' dir='ltr'>jam</span> <span class='ocrx_word' id='word_1_165' title='bbox 761 1718 873 1758; x_wconf 89' lang='lat' dir='ltr'>ante</span> <span class='ocrx_word' id='word_1_166' title='bbox 897 1710 1030 1758; x_wconf 90' lang='lat' dir='ltr'>hunc</span> <span class='ocrx_word' id='word_1_167' title='bbox 1052 1727 1236 1774; x_wconf 88' lang='lat' dir='ltr'>papyro</span> <span class='ocrx_word' id='word_1_168' title='bbox 1272 1710 1343 1757; x_wconf 90' lang='lat' dir='ltr'>usi</span> <span class='ocrx_word' id='word_1_169' title='bbox 1368 1716 1503 1768; x_wconf 84' lang='lat' dir='ltr'>sunt3</span> <span class='ocrx_word' id='word_1_170' title='bbox 1539 1709 1690 1757; x_wconf 91' lang='lat' dir='ltr'>immo</span> 
     </span>
     <span class='ocr_line' id='line_1_24' title="bbox 195 1774 1684 1840; baseline 0 -18"><span class='ocrx_word' id='word_1_171' title='bbox 195 1783 309 1822; x_wconf 88' lang='lat' dir='ltr'>ante</span> <span class='ocrx_word' id='word_1_172' title='bbox 335 1774 631 1823; x_wconf 89' lang='lat' dir='ltr'>Simonidem</span> <span class='ocrx_word' id='word_1_173' title='bbox 657 1784 707 1823; x_wconf 91' lang='lat' dir='ltr'>et</span> <span class='ocrx_word' id='word_1_174' title='bbox 734 1776 1074 1839; x_wconf 88' lang='lat' dir='ltr'>Epicharmum</span> <span class='ocrx_word' id='word_1_175' title='bbox 1097 1775 1298 1824; x_wconf 87' lang='lat' dir='ltr'>fuerunt</span> <span class='ocrx_word' id='word_1_176' title='bbox 1330 1775 1470 1840; x_wconf 89' lang='lat' dir='ltr'>lyrici</span> <span class='ocrx_word' id='word_1_177' title='bbox 1510 1779 1684 1839; x_wconf 79' lang='lat' dir='ltr'>po&#39;etae,</span> 
     </span>
     <span class='ocr_line' id='line_1_25' title="bbox 195 1840 1686 1905; baseline 0 -17"><span class='ocrx_word' id='word_1_178' title='bbox 195 1848 246 1888; x_wconf 89' lang='lat' dir='ltr'>et</span> <span class='ocrx_word' id='word_1_179' title='bbox 271 1840 429 1888; x_wconf 89' lang='lat' dir='ltr'>Ionici</span> <span class='ocrx_word' id='word_1_180' title='bbox 454 1850 503 1888; x_wconf 89' lang='lat' dir='ltr'>et</span> <span class='ocrx_word' id='word_1_181' title='bbox 539 1841 737 1898; x_wconf 87' lang='lat' dir='ltr'>AEolici‚</span> <span class='ocrx_word' id='word_1_182' title='bbox 776 1842 858 1905; x_wconf 91' lang='lat' dir='ltr'>qui</span> <span class='ocrx_word' id='word_1_183' title='bbox 895 1842 978 1890; x_wconf 92' lang='lat' dir='ltr'>illo</span> <span class='ocrx_word' id='word_1_184' title='bbox 1015 1842 1311 1890; x_wconf 88' lang='lat' dir='ltr'>adminiculo</span> <span class='ocrx_word' id='word_1_185' title='bbox 1350 1841 1686 1889; x_wconf 86' lang='lat' dir='ltr'>faciendorum</span> 
     </span>
    </p>
   </div>
   <div class='ocr_carea' id='block_1_3' title="bbox 191 1982 1691 2931">
    <p class='ocr_par' dir='ltr' id='par_1_4' title="bbox 193 1982 1691 2399">
     <span class='ocr_line' id='line_1_26' title="bbox 236 1982 1688 2024; baseline 0.001 -12"><span class='ocrx_word' id='word_1_186' title='bbox 236 1993 256 2012; x_wconf 87' lang='lat' dir='ltr'>a</span> <span class='ocrx_word' id='word_1_187' title='bbox 279 1982 329 2012; x_wconf 90' lang='lat' dir='ltr'>Eo</span> <span class='ocrx_word' id='word_1_188' title='bbox 352 1982 502 2021; x_wconf 83' lang='lat' dir='ltr'>pertinuit</span> <span class='ocrx_word' id='word_1_189' title='bbox 525 1983 692 2014; x_wconf 87' lang='lat' dir='ltr'>dicterium</span> <span class='ocrx_word' id='word_1_190' title='bbox 721 1984 942 2023; x_wconf 85' lang='lat' dir='ltr'>Aristophanis</span> <span class='ocrx_word' id='word_1_191' title='bbox 967 1984 1000 2014; x_wconf 90' lang='lat' dir='ltr'>in</span> <span class='ocrx_word' id='word_1_192' title='bbox 1018 1984 1209 2024; x_wconf 85' lang='lat' dir='ltr'>Babyloniis,</span> <span class='ocrx_word' id='word_1_193' title='bbox 1232 1983 1338 2014; x_wconf 85' lang='lat' dir='ltr'>fabula</span> <span class='ocrx_word' id='word_1_194' title='bbox 1363 1984 1434 2014; x_wconf 87' lang='lat' dir='ltr'>circ.</span> <span class='ocrx_word' id='word_1_195' title='bbox 1462 1986 1534 2014; x_wconf 75' lang='lat'>427.</span> <span class='ocrx_word' id='word_1_196' title='bbox 1557 1994 1584 2013; x_wconf 90' lang='lat' dir='ltr'>a.</span> <span class='ocrx_word' id='word_1_197' title='bbox 1613 1983 1688 2014; x_wconf 86' lang='lat' dir='ltr'>Chr.</span> 
     </span>
     <span class='ocr_line' id='line_1_27' title="bbox 194 2025 1688 2067; baseline 0.001 -11"><span class='ocrx_word' id='word_1_198' title='bbox 194 2025 436 2057; x_wconf 78' lang='lat' dir='ltr'>LXXXVIII.</span> <span class='ocrx_word' id='word_1_199' title='bbox 454 2026 598 2057; x_wconf 89' lang='lat' dir='ltr'>Ol.acta.</span> <span class='ocrx_word' id='word_1_200' title='bbox 645 2027 729 2057; x_wconf 85' lang='lat' dir='ltr'>Vide</span> <span class='ocrx_word' id='word_1_201' title='bbox 758 2027 844 2057; x_wconf 74' lang='lat' dir='ltr'>Suid.</span> <span class='ocrx_word' id='word_1_202' title='bbox 870 2038 896 2057; x_wconf 88' lang='lat' dir='ltr'>v.</span> <span class='ocrx_word' id='word_1_203' title='bbox 922 2028 1040 2067; x_wconf 68' lang='grc' dir='ltr'><strong><em>Σαμίων</em></strong></span> <span class='ocrx_word' id='word_1_204' title='bbox 1067 2029 1079 2058; x_wconf 76' lang='grc' dir='ltr'>ὅ</span> <span class='ocrx_word' id='word_1_205' title='bbox 1103 2027 1186 2067; x_wconf 68' lang='grc' dir='ltr'>ὂῆμος</span> <span class='ocrx_word' id='word_1_206' title='bbox 1209 2027 1278 2057; x_wconf 85' lang='lat' dir='ltr'>coll.</span> <span class='ocrx_word' id='word_1_207' title='bbox 1309 2037 1337 2056; x_wconf 81' lang='lat' dir='ltr'>v-</span> <span class='ocrx_word' id='word_1_208' title='bbox 1361 2027 1558 2065; x_wconf 71' lang='grc' dir='ltr'>Ἀττικισμδς,</span> <span class='ocrx_word' id='word_1_209' title='bbox 1584 2025 1688 2057; x_wconf 76' lang='lat' dir='ltr'>schol.</span> 
     </span>
     <span class='ocr_line' id='line_1_28' title="bbox 196 2067 1688 2111; baseline 0.001 -14"><span class='ocrx_word' id='word_1_210' title='bbox 196 2067 277 2098; x_wconf 90' lang='lat' dir='ltr'>Ven.</span> <span class='ocrx_word' id='word_1_211' title='bbox 298 2068 373 2098; x_wconf 91' lang='lat' dir='ltr'>Cod.</span> <span class='ocrx_word' id='word_1_212' title='bbox 391 2069 427 2099; x_wconf 92' lang='lat' dir='ltr'>B.</span> <span class='ocrx_word' id='word_1_213' title='bbox 445 2069 483 2099; x_wconf 90' lang='lat' dir='ltr'>ad</span> <span class='ocrx_word' id='word_1_214' title='bbox 502 2069 542 2100; x_wconf 93' lang='lat' dir='ltr'>Il.</span> <span class='ocrx_word' id='word_1_215' title='bbox 559 2069 592 2103; x_wconf 74' lang='grc' dir='ltr'>η’.</span> <span class='ocrx_word' id='word_1_216' title='bbox 615 2072 683 2101; x_wconf 88' lang='grc'><strong>185.</strong></span> <span class='ocrx_word' id='word_1_217' title='bbox 728 2069 832 2100; x_wconf 87' lang='lat' dir='ltr'>Tzetz.</span> <span class='ocrx_word' id='word_1_218' title='bbox 854 2070 937 2100; x_wconf 89' lang='lat' dir='ltr'>Chil.</span> <span class='ocrx_word' id='word_1_219' title='bbox 966 2071 1051 2101; x_wconf 88' lang='lat' dir='ltr'>XII.</span> <span class='ocrx_word' id='word_1_220' title='bbox 1076 2074 1126 2101; x_wconf 88' lang='lat'>61.</span> <span class='ocrx_word' id='word_1_221' title='bbox 1150 2081 1213 2111; x_wconf 90' lang='lat' dir='ltr'>sqq.</span> <span class='ocrx_word' id='word_1_222' title='bbox 1258 2070 1353 2106; x_wconf 85' lang='lat' dir='ltr'>Quod</span> <span class='ocrx_word' id='word_1_223' title='bbox 1382 2069 1579 2100; x_wconf 78' lang='lat' dir='ltr'>Callistratus</span> <span class='ocrx_word' id='word_1_224' title='bbox 1603 2068 1688 2108; x_wconf 81' lang='lat' dir='ltr'>apud</span> 
     </span>
     <span class='ocr_line' id='line_1_29' title="bbox 193 2111 1688 2152; baseline 0.001 -11"><span class='ocrx_word' id='word_1_225' title='bbox 193 2111 278 2141; x_wconf 86' lang='lat' dir='ltr'>hunc</span> <span class='ocrx_word' id='word_1_226' title='bbox 294 2118 420 2142; x_wconf 87' lang='lat' dir='ltr'>vocatur</span> <span class='ocrx_word' id='word_1_227' title='bbox 438 2112 679 2147; x_wconf 85' lang='lat' dir='ltr'>Grammaticus,</span> <span class='ocrx_word' id='word_1_228' title='bbox 702 2113 776 2143; x_wconf 81' lang='lat' dir='ltr'>facit</span> <span class='ocrx_word' id='word_1_229' title='bbox 790 2113 1002 2152; x_wconf 84' lang='lat' dir='ltr'>ineptissimus</span> <span class='ocrx_word' id='word_1_230' title='bbox 1016 2115 1121 2149; x_wconf 84' lang='lat' dir='ltr'>homo,</span> <span class='ocrx_word' id='word_1_231' title='bbox 1145 2119 1181 2143; x_wconf 91' lang='lat' dir='ltr'>ut</span> <span class='ocrx_word' id='word_1_232' title='bbox 1207 2113 1308 2143; x_wconf 87' lang='lat' dir='ltr'>solent</span> <span class='ocrx_word' id='word_1_233' title='bbox 1323 2113 1436 2143; x_wconf 87' lang='lat' dir='ltr'>eruditi</span> <span class='ocrx_word' id='word_1_234' title='bbox 1452 2112 1583 2142; x_wconf 85' lang='lat' dir='ltr'>istorum</span> <span class='ocrx_word' id='word_1_235' title='bbox 1607 2118 1688 2142; x_wconf 85' lang='lat' dir='ltr'>tem-</span> 
     </span>
     <span class='ocr_line' id='line_1_30' title="bbox 193 2154 1688 2196; baseline 0.001 -13"><span class='ocrx_word' id='word_1_236' title='bbox 193 2164 316 2193; x_wconf 86' lang='lat' dir='ltr'>porum,</span> <span class='ocrx_word' id='word_1_237' title='bbox 339 2165 437 2194; x_wconf 89' lang='lat' dir='ltr'>quum</span> <span class='ocrx_word' id='word_1_238' title='bbox 454 2155 646 2196; x_wconf 85' lang='lat' dir='ltr'>antiquiores</span> <span class='ocrx_word' id='word_1_239' title='bbox 661 2155 755 2196; x_wconf 86' lang='lat' dir='ltr'>digne</span> <span class='ocrx_word' id='word_1_240' title='bbox 771 2156 901 2187; x_wconf 88' lang='lat' dir='ltr'>laudare</span> <span class='ocrx_word' id='word_1_241' title='bbox 916 2156 1036 2187; x_wconf 85' lang='lat' dir='ltr'>volunt.</span> <span class='ocrx_word' id='word_1_242' title='bbox 1086 2156 1220 2186; x_wconf 89' lang='lat' dir='ltr'>Gravius</span> <span class='ocrx_word' id='word_1_243' title='bbox 1236 2162 1290 2191; x_wconf 86' lang='lat' dir='ltr'>est,</span> <span class='ocrx_word' id='word_1_244' title='bbox 1315 2155 1399 2196; x_wconf 90' lang='lat' dir='ltr'>quod</span> <span class='ocrx_word' id='word_1_245' title='bbox 1414 2166 1452 2186; x_wconf 85' lang='lat' dir='ltr'>ex</span> <span class='ocrx_word' id='word_1_246' title='bbox 1469 2155 1526 2185; x_wconf 84' lang='lat' dir='ltr'>illo</span> <span class='ocrx_word' id='word_1_247' title='bbox 1553 2154 1688 2190; x_wconf 88' lang='lat' dir='ltr'>Scholio,</span> 
     </span>
     <span class='ocr_line' id='line_1_31' title="bbox 193 2197 1691 2239; baseline 0 -11"><span class='ocrx_word' id='word_1_248' title='bbox 193 2202 262 2228; x_wconf 85' lang='lat' dir='ltr'>tum</span> <span class='ocrx_word' id='word_1_249' title='bbox 278 2197 403 2233; x_wconf 84' lang='lat' dir='ltr'>inedito,</span> <span class='ocrx_word' id='word_1_250' title='bbox 429 2198 640 2237; x_wconf 88' lang='lat' dir='ltr'>Spanhemius</span> <span class='ocrx_word' id='word_1_251' title='bbox 665 2199 773 2230; x_wconf 90' lang='lat' dir='ltr'>docuit</span> <span class='ocrx_word' id='word_1_252' title='bbox 787 2199 806 2229; x_wconf 95' lang='lat' dir='ltr'>l.</span> <span class='ocrx_word' id='word_1_253' title='bbox 821 2199 851 2235; x_wconf 84' lang='grc'>1.,</span> <span class='ocrx_word' id='word_1_254' title='bbox 874 2209 1000 2239; x_wconf 86' lang='lat' dir='ltr'>operam</span> <span class='ocrx_word' id='word_1_255' title='bbox 1018 2199 1186 2230; x_wconf 80' lang='lat' dir='ltr'>Callistrati</span> <span class='ocrx_word' id='word_1_256' title='bbox 1210 2200 1392 2230; x_wconf 81' lang='lat' dir='ltr'>auctoritate</span> <span class='ocrx_word' id='word_1_257' title='bbox 1408 2197 1528 2238; x_wconf 89' lang='lat' dir='ltr'>Ephori</span> <span class='ocrx_word' id='word_1_258' title='bbox 1542 2197 1691 2228; x_wconf 81' lang='lat' dir='ltr'>traditam</span> 
     </span>
     <span class='ocr_line' id='line_1_32' title="bbox 193 2240 1689 2282; baseline 0.001 -12"><span class='ocrx_word' id='word_1_259' title='bbox 193 2250 270 2271; x_wconf 80' lang='lat' dir='ltr'>esse·</span> <span class='ocrx_word' id='word_1_260' title='bbox 318 2240 464 2280; x_wconf 89' lang='lat' dir='ltr'>Suspicor</span> <span class='ocrx_word' id='word_1_261' title='bbox 479 2248 637 2281; x_wconf 83' lang='lat' dir='ltr'>praeterea,</span> <span class='ocrx_word' id='word_1_262' title='bbox 661 2243 747 2272; x_wconf 92' lang='lat' dir='ltr'>hunc</span> <span class='ocrx_word' id='word_1_263' title='bbox 761 2243 941 2282; x_wconf 86' lang='lat' dir='ltr'>scriptorem</span> <span class='ocrx_word' id='word_1_264' title='bbox 956 2243 989 2273; x_wconf 94' lang='lat' dir='ltr'>in</span> <span class='ocrx_word' id='word_1_265' title='bbox 1005 2243 1119 2273; x_wconf 89' lang='lat' dir='ltr'>ultima</span> <span class='ocrx_word' id='word_1_266' title='bbox 1133 2249 1220 2281; x_wconf 88' lang='lat' dir='ltr'>parte</span> <span class='ocrx_word' id='word_1_267' title='bbox 1240 2243 1377 2273; x_wconf 85' lang='lat' dir='ltr'>historiae</span> <span class='ocrx_word' id='word_1_268' title='bbox 1403 2253 1477 2278; x_wconf 85' lang='lat' dir='ltr'>suae,</span> <span class='ocrx_word' id='word_1_269' title='bbox 1500 2241 1555 2272; x_wconf 89' lang='lat' dir='ltr'>ubi</span> <span class='ocrx_word' id='word_1_270' title='bbox 1571 2240 1610 2271; x_wconf 86' lang='lat' dir='ltr'>ad</span> <span class='ocrx_word' id='word_1_271' title='bbox 1632 2250 1689 2271; x_wconf 88' lang='lat' dir='ltr'>no-</span> 
     </span>
     <span class='ocr_line' id='line_1_33' title="bbox 193 2285 1690 2326; baseline 0 -13"><span class='ocrx_word' id='word_1_272' title='bbox 193 2293 266 2313; x_wconf 84' lang='lat' dir='ltr'>vam</span> <span class='ocrx_word' id='word_1_273' title='bbox 283 2285 495 2314; x_wconf 86' lang='lat' dir='ltr'>recensionem</span> <span class='ocrx_word' id='word_1_274' title='bbox 519 2285 626 2325; x_wconf 83' lang='lat' dir='ltr'>legum</span> <span class='ocrx_word' id='word_1_275' title='bbox 645 2285 824 2315; x_wconf 80' lang='lat' dir='ltr'>Atticarum</span> <span class='ocrx_word' id='word_1_276' title='bbox 850 2285 957 2326; x_wconf 88' lang='lat' dir='ltr'>ejectis</span> <span class='ocrx_word' id='word_1_277' title='bbox 983 2286 1093 2317; x_wconf 90' lang='lat' dir='ltr'>XXX.</span> <span class='ocrx_word' id='word_1_278' title='bbox 1117 2285 1190 2315; x_wconf 84' lang='lat' dir='ltr'>viris</span> <span class='ocrx_word' id='word_1_279' title='bbox 1215 2286 1330 2317; x_wconf 83' lang='lat' dir='ltr'>factam</span> <span class='ocrx_word' id='word_1_280' title='bbox 1352 2285 1494 2320; x_wconf 88' lang='lat' dir='ltr'>venisset,</span> <span class='ocrx_word' id='word_1_281' title='bbox 1517 2285 1598 2314; x_wconf 86' lang='lat' dir='ltr'>hanc</span> <span class='ocrx_word' id='word_1_282' title='bbox 1622 2293 1690 2314; x_wconf 88' lang='lat' dir='ltr'>orn-</span> 
     </span>
     <span class='ocr_line' id='line_1_34' title="bbox 193 2327 1686 2370; baseline 0 -14"><span class='ocrx_word' id='word_1_283' title='bbox 193 2336 268 2357; x_wconf 86' lang='lat' dir='ltr'>nem</span> <span class='ocrx_word' id='word_1_284' title='bbox 283 2336 349 2356; x_wconf 88' lang='lat' dir='ltr'>rem</span> <span class='ocrx_word' id='word_1_285' title='bbox 366 2327 488 2366; x_wconf 87' lang='lat' dir='ltr'>copiose</span> <span class='ocrx_word' id='word_1_286' title='bbox 511 2334 665 2363; x_wconf 84' lang='lat' dir='ltr'>tractasse,</span> <span class='ocrx_word' id='word_1_287' title='bbox 690 2328 892 2370; x_wconf 88' lang='lat' dir='ltr'>indidemque</span> <span class='ocrx_word' id='word_1_288' title='bbox 916 2335 1099 2369; x_wconf 84' lang='lat' dir='ltr'>excerptum</span> <span class='ocrx_word' id='word_1_289' title='bbox 1126 2339 1192 2359; x_wconf 89' lang='lat' dir='ltr'>esse</span> <span class='ocrx_word' id='word_1_290' title='bbox 1215 2329 1321 2360; x_wconf 89' lang='lat' dir='ltr'>locum</span> <span class='ocrx_word' id='word_1_291' title='bbox 1348 2328 1522 2359; x_wconf 84' lang='lat' dir='ltr'>Clementis</span> <span class='ocrx_word' id='word_1_292' title='bbox 1542 2336 1635 2366; x_wconf 80' lang='lat' dir='ltr'>supra</span> <span class='ocrx_word' id='word_1_293' title='bbox 1656 2336 1686 2366; x_wconf 87' lang='lat' dir='ltr'>p.</span> 
     </span>
     <span class='ocr_line' id='line_1_35' title="bbox 198 2372 357 2399; baseline 0 0"><span class='ocrx_word' id='word_1_294' title='bbox 198 2372 267 2399; x_wconf 89' lang='lat'>184.</span> <span class='ocrx_word' id='word_1_295' title='bbox 284 2380 314 2399; x_wconf 91' lang='lat' dir='ltr'>n.</span> <span class='ocrx_word' id='word_1_296' title='bbox 330 2380 357 2399; x_wconf 88' lang='lat' dir='ltr'>a.</span> 
     </span>
    </p>

    <p class='ocr_par' dir='ltr' id='par_1_5' title="bbox 191 2411 1691 2931">
     <span class='ocr_line' id='line_1_36' title="bbox 234 2411 1690 2455; baseline 0.001 -14"><span class='ocrx_word' id='word_1_297' title='bbox 234 2413 255 2442; x_wconf 94' lang='lat' dir='ltr'>b</span> <span class='ocrx_word' id='word_1_298' title='bbox 280 2413 476 2443; x_wconf 83' lang='lat' dir='ltr'>Nominatim</span> <span class='ocrx_word' id='word_1_299' title='bbox 501 2414 638 2454; x_wconf 86' lang='lat' dir='ltr'>Ephoro,</span> <span class='ocrx_word' id='word_1_300' title='bbox 670 2414 885 2454; x_wconf 74' lang='lat' dir='ltr'>Theopompo,</span> <span class='ocrx_word' id='word_1_301' title='bbox 920 2414 1074 2446; x_wconf 87' lang='lat' dir='ltr'>Androne</span> <span class='ocrx_word' id='word_1_302' title='bbox 1103 2414 1249 2455; x_wconf 85' lang='lat' dir='ltr'>Ephesio,</span> <span class='ocrx_word' id='word_1_303' title='bbox 1281 2415 1410 2446; x_wconf 83' lang='lat' dir='ltr'>fortasse</span> <span class='ocrx_word' id='word_1_304' title='bbox 1441 2413 1510 2444; x_wconf 88' lang='lat' dir='ltr'>aliis</span> <span class='ocrx_word' id='word_1_305' title='bbox 1537 2411 1690 2452; x_wconf 83' lang='lat' dir='ltr'>pluribus.</span> 
     </span>
     <span class='ocr_line' id='line_1_37' title="bbox 193 2455 1690 2494; baseline 0.001 -9"><span class='ocrx_word' id='word_1_306' title='bbox 193 2455 258 2486; x_wconf 87' lang='lat' dir='ltr'>Pro</span> <span class='ocrx_word' id='word_1_307' title='bbox 273 2455 321 2485; x_wconf 90' lang='lat' dir='ltr'>his</span> <span class='ocrx_word' id='word_1_308' title='bbox 336 2456 474 2486; x_wconf 83' lang='lat' dir='ltr'>adeundi</span> <span class='ocrx_word' id='word_1_309' title='bbox 485 2464 560 2488; x_wconf 81' lang='lat' dir='ltr'>sunt</span> <span class='ocrx_word' id='word_1_310' title='bbox 575 2458 663 2488; x_wconf 86' lang='lat' dir='ltr'>nobis</span> <span class='ocrx_word' id='word_1_311' title='bbox 678 2459 795 2488; x_wconf 85' lang='lat' dir='ltr'>turbidi</span> <span class='ocrx_word' id='word_1_312' title='bbox 809 2458 910 2494; x_wconf 86' lang='lat' dir='ltr'>rivuli,</span> <span class='ocrx_word' id='word_1_313' title='bbox 934 2458 1049 2489; x_wconf 89' lang='lat' dir='ltr'>Euseb.</span> <span class='ocrx_word' id='word_1_314' title='bbox 1072 2458 1189 2489; x_wconf 90' lang='lat' dir='ltr'>Chron.</span> <span class='ocrx_word' id='word_1_315' title='bbox 1204 2458 1245 2489; x_wconf 91' lang='lat' dir='ltr'>ad</span> <span class='ocrx_word' id='word_1_316' title='bbox 1262 2458 1314 2489; x_wconf 92' lang='lat' dir='ltr'>Ol.</span> <span class='ocrx_word' id='word_1_317' title='bbox 1331 2457 1457 2488; x_wconf 86' lang='lat' dir='ltr'>XCIV.</span> <span class='ocrx_word' id='word_1_318' title='bbox 1481 2460 1510 2486; x_wconf 86' lang='lat'>4.</span> <span class='ocrx_word' id='word_1_319' title='bbox 1557 2455 1690 2486; x_wconf 84' lang='lat' dir='ltr'>Cedren.</span> 
     </span>
     <span class='ocr_line' id='line_1_38' title="bbox 191 2498 1691 2542; baseline 0 -14"><span class='ocrx_word' id='word_1_320' title='bbox 191 2503 224 2529; x_wconf 88' lang='lat' dir='ltr'>et</span> <span class='ocrx_word' id='word_1_321' title='bbox 241 2498 350 2528; x_wconf 83' lang='lat' dir='ltr'>Pasch.</span> <span class='ocrx_word' id='word_1_322' title='bbox 370 2499 484 2531; x_wconf 83' lang='lat' dir='ltr'>Chron.</span> <span class='ocrx_word' id='word_1_323' title='bbox 501 2501 541 2531; x_wconf 88' lang='lat' dir='ltr'>ad</span> <span class='ocrx_word' id='word_1_324' title='bbox 558 2501 687 2531; x_wconf 90' lang='lat' dir='ltr'>XCVI.</span> <span class='ocrx_word' id='word_1_325' title='bbox 701 2505 730 2531; x_wconf 87' lang='lat'>4.</span> <span class='ocrx_word' id='word_1_326' title='bbox 747 2511 820 2531; x_wconf 89' lang='lat' dir='ltr'>cum</span> <span class='ocrx_word' id='word_1_327' title='bbox 844 2501 947 2532; x_wconf 75' lang='lat' dir='ltr'>schol.</span> <span class='ocrx_word' id='word_1_328' title='bbox 969 2501 1010 2532; x_wconf 91' lang='lat' dir='ltr'>ad</span> <span class='ocrx_word' id='word_1_329' title='bbox 1025 2502 1136 2542; x_wconf 82' lang='lat' dir='ltr'>Eurip.</span> <span class='ocrx_word' id='word_1_330' title='bbox 1159 2502 1266 2533; x_wconf 88' lang='lat' dir='ltr'>Phoen.</span> <span class='ocrx_word' id='word_1_331' title='bbox 1288 2504 1372 2538; x_wconf 64' lang='lat'>688„</span> <span class='ocrx_word' id='word_1_332' title='bbox 1386 2500 1441 2531; x_wconf 88' lang='lat' dir='ltr'>ubi</span> <span class='ocrx_word' id='word_1_333' title='bbox 1456 2505 1545 2530; x_wconf 87' lang='lat' dir='ltr'>vetus</span> <span class='ocrx_word' id='word_1_334' title='bbox 1559 2499 1691 2529; x_wconf 82' lang='lat' dir='ltr'>varietas</span> 
     </span>
     <span class='ocr_line' id='line_1_39' title="bbox 193 2541 1689 2585; baseline 0.001 -15"><span class='ocrx_word' id='word_1_335' title='bbox 193 2547 320 2571; x_wconf 86' lang='lat' dir='ltr'>notatur</span> <span class='ocrx_word' id='word_1_336' title='bbox 335 2552 371 2571; x_wconf 82' lang='lat' dir='ltr'>ex</span> <span class='ocrx_word' id='word_1_337' title='bbox 396 2543 526 2581; x_wconf 77' lang='lat' dir='ltr'>pristino</span> <span class='ocrx_word' id='word_1_338' title='bbox 547 2554 633 2574; x_wconf 86' lang='lat' dir='ltr'>more</span> <span class='ocrx_word' id='word_1_339' title='bbox 649 2544 812 2580; x_wconf 87' lang='lat' dir='ltr'>scribendi,</span> <span class='ocrx_word' id='word_1_340' title='bbox 837 2547 878 2584; x_wconf 65' lang='grc' dir='ltr'>σῷ</span> <span class='ocrx_word' id='word_1_341' title='bbox 901 2559 934 2575; x_wconf 78' lang='grc' dir='ltr'>νιν</span> <span class='ocrx_word' id='word_1_342' title='bbox 960 2546 1068 2585; x_wconf 69' lang='grc' dir='ltr'>ἐκγόνῳ</span> <span class='ocrx_word' id='word_1_343' title='bbox 1083 2550 1114 2575; x_wconf 87' lang='lat' dir='ltr'>et</span> <span class='ocrx_word' id='word_1_344' title='bbox 1140 2545 1184 2576; x_wconf 75' lang='grc' dir='ltr'>σοι’</span> <span class='ocrx_word' id='word_1_345' title='bbox 1208 2559 1242 2576; x_wconf 73' lang='grc' dir='ltr'>νιν</span> <span class='ocrx_word' id='word_1_346' title='bbox 1263 2545 1321 2584; x_wconf 69' lang='grc' dir='ltr'>ἵκνγ</span> <span class='ocrx_word' id='word_1_347' title='bbox 1323 2558 1381 2574; x_wconf 70' lang='lat' dir='ltr'>ooooo</span> <span class='ocrx_word' id='word_1_348' title='bbox 1427 2542 1476 2573; x_wconf 91' lang='lat' dir='ltr'>Ibi</span> <span class='ocrx_word' id='word_1_349' title='bbox 1493 2553 1520 2572; x_wconf 91' lang='lat' dir='ltr'>v.</span> <span class='ocrx_word' id='word_1_350' title='bbox 1537 2541 1689 2572; x_wconf 83' lang='lat' dir='ltr'>Valcken.</span> 
     </span>
     <span class='ocr_line' id='line_1_40' title="bbox 192 2584 1691 2627; baseline -0.001 -12"><span class='ocrx_word' id='word_1_351' title='bbox 192 2594 222 2623; x_wconf 88' lang='lat' dir='ltr'>p.</span> <span class='ocrx_word' id='word_1_352' title='bbox 240 2588 311 2616; x_wconf 79' lang='lat'>260.</span> <span class='ocrx_word' id='word_1_353' title='bbox 327 2591 358 2614; x_wconf 85' lang='lat' dir='ltr'>et</span> <span class='ocrx_word' id='word_1_354' title='bbox 376 2589 448 2615; x_wconf 88' lang='lat'>688.</span> <span class='ocrx_word' id='word_1_355' title='bbox 494 2586 521 2616; x_wconf 94' lang='grc' dir='ltr'>Ι.</span> <span class='ocrx_word' id='word_1_356' title='bbox 540 2587 578 2617; x_wconf 92' lang='lat' dir='ltr'>G.</span> <span class='ocrx_word' id='word_1_357' title='bbox 596 2587 687 2617; x_wconf 90' lang='lat' dir='ltr'>Voss.</span> <span class='ocrx_word' id='word_1_358' title='bbox 714 2587 753 2617; x_wconf 87' lang='lat' dir='ltr'>de</span> <span class='ocrx_word' id='word_1_359' title='bbox 770 2589 849 2618; x_wconf 85' lang='lat' dir='ltr'>Arte</span> <span class='ocrx_word' id='word_1_360' title='bbox 871 2597 1006 2627; x_wconf 87' lang='lat' dir='ltr'>gramm.</span> <span class='ocrx_word' id='word_1_361' title='bbox 1031 2588 1059 2618; x_wconf 93' lang='grc' dir='ltr'>Ι.</span> <span class='ocrx_word' id='word_1_362' title='bbox 1076 2591 1129 2619; x_wconf 80' lang='grc'>50.</span> <span class='ocrx_word' id='word_1_363' title='bbox 1153 2598 1181 2627; x_wconf 88' lang='lat' dir='ltr'>p.</span> <span class='ocrx_word' id='word_1_364' title='bbox 1201 2591 1272 2618; x_wconf 82' lang='lat'>115.</span> <span class='ocrx_word' id='word_1_365' title='bbox 1318 2586 1448 2617; x_wconf 80' lang='lat' dir='ltr'>Salmas.</span> <span class='ocrx_word' id='word_1_366' title='bbox 1464 2584 1548 2616; x_wconf 87' lang='lat' dir='ltr'>Add.</span> <span class='ocrx_word' id='word_1_367' title='bbox 1572 2584 1612 2615; x_wconf 81' lang='lat' dir='ltr'>ad</span> <span class='ocrx_word' id='word_1_368' title='bbox 1631 2584 1691 2615; x_wconf 88' lang='lat' dir='ltr'>In-</span> 
     </span>
     <span class='ocr_line' id='line_1_41' title="bbox 192 2627 1688 2672; baseline 0 -15"><span class='ocrx_word' id='word_1_369' title='bbox 192 2627 299 2667; x_wconf 84' lang='lat' dir='ltr'>script.</span> <span class='ocrx_word' id='word_1_370' title='bbox 319 2628 455 2658; x_wconf 86' lang='lat' dir='ltr'>Herodis</span> <span class='ocrx_word' id='word_1_371' title='bbox 472 2630 540 2659; x_wconf 83' lang='lat' dir='ltr'>Att.</span> <span class='ocrx_word' id='word_1_372' title='bbox 557 2640 587 2668; x_wconf 85' lang='lat' dir='ltr'>p.</span> <span class='ocrx_word' id='word_1_373' title='bbox 605 2633 676 2660; x_wconf 75' lang='lat'>252.</span> <span class='ocrx_word' id='word_1_374' title='bbox 722 2630 848 2661; x_wconf 81' lang='lat' dir='ltr'>Boherii</span> <span class='ocrx_word' id='word_1_375' title='bbox 867 2630 949 2661; x_wconf 86' lang='lat' dir='ltr'>Diss.</span> <span class='ocrx_word' id='word_1_376' title='bbox 966 2632 996 2672; x_wconf 58' lang='grc' dir='ltr'>ᾗ.</span> <span class='ocrx_word' id='word_1_377' title='bbox 1025 2635 1076 2662; x_wconf 87' lang='lat'>66.</span> <span class='ocrx_word' id='word_1_378' title='bbox 1120 2630 1251 2661; x_wconf 87' lang='lat' dir='ltr'>Wessel.</span> <span class='ocrx_word' id='word_1_379' title='bbox 1278 2629 1318 2660; x_wconf 88' lang='lat' dir='ltr'>ad</span> <span class='ocrx_word' id='word_1_380' title='bbox 1341 2629 1436 2660; x_wconf 83' lang='lat' dir='ltr'>Petiti</span> <span class='ocrx_word' id='word_1_381' title='bbox 1462 2628 1528 2658; x_wconf 93' lang='lat' dir='ltr'>LL.</span> <span class='ocrx_word' id='word_1_382' title='bbox 1557 2628 1632 2658; x_wconf 79' lang='grc' dir='ltr'>ΛΑ.</span> <span class='ocrx_word' id='word_1_383' title='bbox 1655 2637 1688 2666; x_wconf 91' lang='lat' dir='ltr'>p.</span> 
     </span>
     <span class='ocr_line' id='line_1_42' title="bbox 194 2670 1688 2713; baseline 0 -13"><span class='ocrx_word' id='word_1_384' title='bbox 194 2673 265 2701; x_wconf 88' lang='lat'>194.</span> <span class='ocrx_word' id='word_1_385' title='bbox 290 2671 412 2702; x_wconf 88' lang='lat' dir='ltr'>Corsini</span> <span class='ocrx_word' id='word_1_386' title='bbox 440 2672 521 2702; x_wconf 85' lang='lat' dir='ltr'>Fast.</span> <span class='ocrx_word' id='word_1_387' title='bbox 538 2673 604 2703; x_wconf 85' lang='lat' dir='ltr'>Att.</span> <span class='ocrx_word' id='word_1_388' title='bbox 621 2673 659 2703; x_wconf 91' lang='lat' dir='ltr'>T.</span> <span class='ocrx_word' id='word_1_389' title='bbox 682 2673 751 2703; x_wconf 87' lang='lat' dir='ltr'>III.</span> <span class='ocrx_word' id='word_1_390' title='bbox 767 2684 796 2713; x_wconf 92' lang='lat' dir='ltr'>p.</span> <span class='ocrx_word' id='word_1_391' title='bbox 815 2677 885 2705; x_wconf 79' lang='lat'>276.</span> <span class='ocrx_word' id='word_1_392' title='bbox 924 2674 1013 2704; x_wconf 89' lang='lat' dir='ltr'>Huic</span> <span class='ocrx_word' id='word_1_393' title='bbox 1038 2679 1195 2713; x_wconf 87' lang='lat' dir='ltr'>postremo</span> <span class='ocrx_word' id='word_1_394' title='bbox 1218 2673 1364 2703; x_wconf 81' lang='lat' dir='ltr'>laudatus</span> <span class='ocrx_word' id='word_1_395' title='bbox 1389 2672 1478 2702; x_wconf 91' lang='lat' dir='ltr'>locus</span> <span class='ocrx_word' id='word_1_396' title='bbox 1501 2670 1625 2711; x_wconf 87' lang='lat' dir='ltr'>Syriani</span> <span class='ocrx_word' id='word_1_397' title='bbox 1647 2670 1688 2701; x_wconf 88' lang='lat' dir='ltr'>ad</span> 
     </span>
     <span class='ocr_line' id='line_1_43' title="bbox 193 2713 1687 2758; baseline 0 -15"><span class='ocrx_word' id='word_1_398' title='bbox 193 2713 349 2754; x_wconf 83' lang='lat' dir='ltr'>Hermog.</span> <span class='ocrx_word' id='word_1_399' title='bbox 366 2725 394 2753; x_wconf 87' lang='lat' dir='ltr'>p.</span> <span class='ocrx_word' id='word_1_400' title='bbox 415 2717 462 2746; x_wconf 81' lang='lat'>17.</span> <span class='ocrx_word' id='word_1_401' title='bbox 484 2725 595 2754; x_wconf 83' lang='lat' dir='ltr'>parum</span> <span class='ocrx_word' id='word_1_402' title='bbox 611 2716 789 2754; x_wconf 87' lang='lat' dir='ltr'>explicitam</span> <span class='ocrx_word' id='word_1_403' title='bbox 805 2716 949 2747; x_wconf 84' lang='lat' dir='ltr'>notitiam</span> <span class='ocrx_word' id='word_1_404' title='bbox 964 2718 1065 2753; x_wconf 86' lang='lat' dir='ltr'>habet,</span> <span class='ocrx_word' id='word_1_405' title='bbox 1088 2727 1182 2758; x_wconf 89' lang='lat' dir='ltr'>quam</span> <span class='ocrx_word' id='word_1_406' title='bbox 1198 2716 1329 2746; x_wconf 88' lang='lat' dir='ltr'>omnino</span> <span class='ocrx_word' id='word_1_407' title='bbox 1354 2717 1392 2745; x_wconf 88' lang='lat' dir='ltr'>ab</span> <span class='ocrx_word' id='word_1_408' title='bbox 1416 2715 1482 2745; x_wconf 80' lang='lat' dir='ltr'>istis</span> <span class='ocrx_word' id='word_1_409' title='bbox 1505 2713 1687 2753; x_wconf 84' lang='lat' dir='ltr'>compilato-</span> 
     </span>
     <span class='ocr_line' id='line_1_44' title="bbox 193 2756 1686 2797; baseline 0.001 -12"><span class='ocrx_word' id='word_1_410' title='bbox 193 2756 279 2787; x_wconf 82' lang='lat' dir='ltr'>ribus</span> <span class='ocrx_word' id='word_1_411' title='bbox 304 2767 368 2787; x_wconf 89' lang='lat' dir='ltr'>non</span> <span class='ocrx_word' id='word_1_412' title='bbox 384 2765 549 2797; x_wconf 84' lang='lat' dir='ltr'>exspectes.</span> <span class='ocrx_word' id='word_1_413' title='bbox 596 2759 675 2789; x_wconf 86' lang='lat' dir='ltr'>Satis</span> <span class='ocrx_word' id='word_1_414' title='bbox 690 2766 743 2794; x_wconf 86' lang='lat' dir='ltr'>est,</span> <span class='ocrx_word' id='word_1_415' title='bbox 768 2760 932 2790; x_wconf 85' lang='lat' dir='ltr'>convenire</span> <span class='ocrx_word' id='word_1_416' title='bbox 947 2770 1059 2791; x_wconf 85' lang='lat' dir='ltr'>omnes</span> <span class='ocrx_word' id='word_1_417' title='bbox 1074 2760 1107 2790; x_wconf 89' lang='lat' dir='ltr'>in</span> <span class='ocrx_word' id='word_1_418' title='bbox 1122 2770 1156 2791; x_wconf 90' lang='lat' dir='ltr'>re</span> <span class='ocrx_word' id='word_1_419' title='bbox 1180 2769 1312 2790; x_wconf 85' lang='lat' dir='ltr'>summa.</span> <span class='ocrx_word' id='word_1_420' title='bbox 1362 2760 1520 2790; x_wconf 82' lang='lat' dir='ltr'>Caeterum</span> <span class='ocrx_word' id='word_1_421' title='bbox 1543 2757 1616 2787; x_wconf 89' lang='lat' dir='ltr'>hinc</span> <span class='ocrx_word' id='word_1_422' title='bbox 1632 2767 1686 2796; x_wconf 82' lang='lat' dir='ltr'>ap-</span> 
     </span>
     <span class='ocr_line' id='line_1_45' title="bbox 192 2799 1688 2845; baseline 0 -16"><span class='ocrx_word' id='word_1_423' title='bbox 192 2806 286 2837; x_wconf 83' lang='lat' dir='ltr'>paret,</span> <span class='ocrx_word' id='word_1_424' title='bbox 310 2810 379 2840; x_wconf 87' lang='lat' dir='ltr'>quae</span> <span class='ocrx_word' id='word_1_425' title='bbox 395 2801 478 2832; x_wconf 76' lang='lat' dir='ltr'>dicta</span> <span class='ocrx_word' id='word_1_426' title='bbox 492 2801 532 2832; x_wconf 87' lang='lat' dir='ltr'>sit</span> <span class='ocrx_word' id='word_1_427' title='bbox 547 2801 630 2841; x_wconf 87' lang='lat' dir='ltr'>apud</span> <span class='ocrx_word' id='word_1_428' title='bbox 658 2802 866 2833; x_wconf 83' lang='lat' dir='ltr'>Athenienses</span> <span class='ocrx_word' id='word_1_429' title='bbox 889 2804 904 2836; x_wconf 71' lang='grc' dir='ltr'><strong><em>ᾖ</em></strong></span> <span class='ocrx_word' id='word_1_430' title='bbox 925 2805 990 2843; x_wconf 60' lang='grc' dir='ltr'>μεφ·</span> <span class='ocrx_word' id='word_1_431' title='bbox 1015 2803 1172 2837; x_wconf 71' lang='grc' dir='ltr'>Εὗιιλείδην</span> <span class='ocrx_word' id='word_1_432' title='bbox 1195 2803 1404 2845; x_wconf 60' lang='grc' dir='ltr'>γραμματική.</span> <span class='ocrx_word' id='word_1_433' title='bbox 1450 2801 1543 2832; x_wconf 83' lang='lat' dir='ltr'>Prius</span> <span class='ocrx_word' id='word_1_434' title='bbox 1566 2799 1688 2830; x_wconf 74' lang='lat' dir='ltr'>usitatae</span> 
     </span>
     <span class='ocr_line' id='line_1_46' title="bbox 191 2841 1687 2889; baseline 0 -17"><span class='ocrx_word' id='word_1_435' title='bbox 191 2841 290 2873; x_wconf 78' lang='lat' dir='ltr'>literae</span> <span class='ocrx_word' id='word_1_436' title='bbox 306 2846 486 2878; x_wconf 61' lang='lat' dir='ltr'>vocanturh</span> <span class='ocrx_word' id='word_1_437' title='bbox 508 2846 704 2888; x_wconf 67' lang='grc' dir='ltr'>’γραμματικὴ</span> <span class='ocrx_word' id='word_1_438' title='bbox 729 2847 847 2888; x_wconf 65' lang='grc' dir='ltr'>ἀρχαία</span> <span class='ocrx_word' id='word_1_439' title='bbox 872 2856 926 2877; x_wconf 85' lang='lat' dir='ltr'>seu</span> <span class='ocrx_word' id='word_1_440' title='bbox 950 2847 1079 2878; x_wconf 69' lang='grc' dir='ltr'>Ἀττικαὶ</span> <span class='ocrx_word' id='word_1_441' title='bbox 1104 2848 1285 2889; x_wconf 62' lang='grc' dir='ltr'>γράμματα.</span> <span class='ocrx_word' id='word_1_442' title='bbox 1330 2845 1398 2876; x_wconf 80' lang='lat' dir='ltr'>Etsi</span> <span class='ocrx_word' id='word_1_443' title='bbox 1426 2843 1465 2875; x_wconf 85' lang='lat' dir='ltr'>de</span> <span class='ocrx_word' id='word_1_444' title='bbox 1490 2843 1540 2874; x_wconf 81' lang='lat' dir='ltr'>his</span> <span class='ocrx_word' id='word_1_445' title='bbox 1561 2842 1687 2874; x_wconf 51' lang='lat' dir='ltr'>divers?</span> 
     </span>
     <span class='ocr_line' id='line_1_47' title="bbox 192 2887 1514 2931; baseline 0.001 -16"><span class='ocrx_word' id='word_1_446' title='bbox 192 2892 266 2916; x_wconf 86' lang='lat' dir='ltr'>sunt</span> <span class='ocrx_word' id='word_1_447' title='bbox 281 2887 442 2918; x_wconf 81' lang='lat' dir='ltr'>sententiae</span> <span class='ocrx_word' id='word_1_448' title='bbox 461 2887 639 2920; x_wconf 83' lang='lat' dir='ltr'>doctorum:</span> <span class='ocrx_word' id='word_1_449' title='bbox 667 2899 692 2918; x_wconf 91' lang='lat' dir='ltr'>v.</span> <span class='ocrx_word' id='word_1_450' title='bbox 714 2888 795 2927; x_wconf 86' lang='lat' dir='ltr'>Intp.</span> <span class='ocrx_word' id='word_1_451' title='bbox 812 2889 849 2920; x_wconf 85' lang='lat' dir='ltr'>ad</span> <span class='ocrx_word' id='word_1_452' title='bbox 872 2890 1057 2928; x_wconf 76' lang='lat' dir='ltr'>Harpocrat.</span> <span class='ocrx_word' id='word_1_453' title='bbox 1073 2899 1100 2920; x_wconf 87' lang='lat' dir='ltr'>v.</span> <span class='ocrx_word' id='word_1_454' title='bbox 1116 2891 1260 2923; x_wconf 63' lang='lat' dir='ltr'>&#39;Aa-ermol}</span> <span class='ocrx_word' id='word_1_455' title='bbox 1279 2890 1437 2931; x_wconf 70' lang='grc' dir='ltr'><strong><em>γράιιμασι</em></strong></span> <span class='ocrx_word' id='word_1_456' title='bbox 1461 2893 1514 2917; x_wconf 78' lang='lat' dir='ltr'>etc.</span> 
     </span>
    </p>
   </div>
  </div>
 </body>
</html>
