<?xml version="1.0" encoding="UTF-8"?>
<!DOCTYPE html PUBLIC "-//W3C//DTD XHTML 1.0 Transitional//EN"
    "http://www.w3.org/TR/xhtml1/DTD/xhtml1-transitional.dtd">
<html xmlns="http://www.w3.org/1999/xhtml" xml:lang="en" lang="en">
 <head>
  <title>
</title>
<meta http-equiv="Content-Type" content="text/html;charset=utf-8" />
  <meta name='ocr-system' content='tesseract 3.04.00' />
  <meta name='ocr-capabilities' content='ocr_page ocr_carea ocr_par ocr_line ocrx_word'/>
</head>
<body>
  <div class='ocr_page' id='page_1' title='image "./operaomnia05home/operaomnia05home_0325.png"; bbox 0 0 1856 3235; ppageno 0'>
   <div class='ocr_carea' id='block_1_1' title="bbox 554 226 1598 278">
    <p class='ocr_par' dir='ltr' id='par_1_1' title="bbox 554 226 1598 278">
     <span class='ocr_line' id='line_1_1' title="bbox 554 226 1598 278; baseline -0.004 1"><span class='ocrx_word' id='word_1_1' title='bbox 554 226 1113 278; x_wconf 78' lang='lat' dir='ltr'>PROLEGOMENA.</span> <span class='ocrx_word' id='word_1_2' title='bbox 1511 236 1598 275; x_wconf 77' lang='lat'>301</span> 
     </span>
    </p>
   </div>
   <div class='ocr_carea' id='block_1_2' title="bbox 117 364 1619 2068">
    <p class='ocr_par' dir='ltr' id='par_1_2' title="bbox 123 364 1606 564">
     <span class='ocr_line' id='line_1_2' title="bbox 123 364 1604 432; baseline -0.008 -8"><span class='ocrx_word' id='word_1_3' title='bbox 123 376 182 423; x_wconf 89' lang='lat' dir='ltr'>ad</span> <span class='ocrx_word' id='word_1_4' title='bbox 229 375 394 422; x_wconf 89' lang='lat' dir='ltr'>doctas</span> <span class='ocrx_word' id='word_1_5' title='bbox 431 385 567 417; x_wconf 88' lang='lat' dir='ltr'>aures</span> <span class='ocrx_word' id='word_1_6' title='bbox 606 367 788 432; x_wconf 84' lang='lat' dir='ltr'>gratior</span> <span class='ocrx_word' id='word_1_7' title='bbox 834 364 985 413; x_wconf 86' lang='lat' dir='ltr'>currit</span> <span class='ocrx_word' id='word_1_8' title='bbox 1024 364 1279 412; x_wconf 90' lang='lat' dir='ltr'>sententia.</span> <span class='ocrx_word' id='word_1_9' title='bbox 1351 364 1447 413; x_wconf 89' lang='lat' dir='ltr'>Sed</span> <span class='ocrx_word' id='word_1_10' title='bbox 1488 364 1604 413; x_wconf 94' lang='lat' dir='ltr'>nolo</span> 
     </span>
     <span class='ocr_line' id='line_1_3' title="bbox 125 429 1606 497; baseline -0.007 -8"><span class='ocrx_word' id='word_1_11' title='bbox 125 457 256 488; x_wconf 91' lang='lat' dir='ltr'>nunc</span> <span class='ocrx_word' id='word_1_12' title='bbox 281 452 443 487; x_wconf 85' lang='lat' dir='ltr'><strong>causas</strong></span> <span class='ocrx_word' id='word_1_13' title='bbox 482 434 623 497; x_wconf 85' lang='lat' dir='ltr'>hujus</span> <span class='ocrx_word' id='word_1_14' title='bbox 646 431 845 480; x_wconf 89' lang='lat' dir='ltr'>rationis</span> <span class='ocrx_word' id='word_1_15' title='bbox 885 429 1178 478; x_wconf 87' lang='lat' dir='ltr'>emendandi</span> <span class='ocrx_word' id='word_1_16' title='bbox 1200 431 1450 493; x_wconf 89' lang='lat' dir='ltr'>persequi;</span> <span class='ocrx_word' id='word_1_17' title='bbox 1487 430 1606 495; x_wconf 90' lang='lat' dir='ltr'>quid</span> 
     </span>
     <span class='ocr_line' id='line_1_4' title="bbox 126 494 1520 564; baseline -0.007 -11"><span class='ocrx_word' id='word_1_18' title='bbox 126 503 407 553; x_wconf 87' lang='lat' dir='ltr'>Aristarcho</span> <span class='ocrx_word' id='word_1_19' title='bbox 429 498 680 564; x_wconf 83' lang='lat' dir='ltr'>placuerit,</span> <span class='ocrx_word' id='word_1_20' title='bbox 705 497 917 545; x_wconf 87' lang='lat' dir='ltr'>breviter</span> <span class='ocrx_word' id='word_1_21' title='bbox 941 504 991 543; x_wconf 85' lang='lat' dir='ltr'>et</span> <span class='ocrx_word' id='word_1_22' title='bbox 1014 494 1294 558; x_wconf 87' lang='lat' dir='ltr'>simpliciter</span> <span class='ocrx_word' id='word_1_23' title='bbox 1317 496 1520 543; x_wconf 86' lang='lat' dir='ltr'>tradam.</span> 
     </span>
    </p>

    <p class='ocr_par' dir='ltr' id='par_1_3' title="bbox 122 560 1615 1413">
     <span class='ocr_line' id='line_1_5' title="bbox 192 560 1604 628; baseline -0.005 -12"><span class='ocrx_word' id='word_1_24' title='bbox 192 569 447 616; x_wconf 87' lang='lat' dir='ltr'>Enimvero</span> <span class='ocrx_word' id='word_1_25' title='bbox 480 565 688 628; x_wconf 88' lang='lat' dir='ltr'>primum</span> <span class='ocrx_word' id='word_1_26' title='bbox 712 563 849 610; x_wconf 91' lang='lat' dir='ltr'>nobis</span> <span class='ocrx_word' id='word_1_27' title='bbox 872 561 982 610; x_wconf 89' lang='lat' dir='ltr'>fons</span> <span class='ocrx_word' id='word_1_28' title='bbox 1016 560 1321 624; x_wconf 87' lang='lat' dir='ltr'>indagandus</span> <span class='ocrx_word' id='word_1_29' title='bbox 1347 568 1434 616; x_wconf 91' lang='lat' dir='ltr'>est,</span> <span class='ocrx_word' id='word_1_30' title='bbox 1471 561 1604 609; x_wconf 89' lang='lat' dir='ltr'>unde</span> 
     </span>
     <span class='ocr_line' id='line_1_6' title="bbox 130 625 1607 693; baseline -0.006 -11"><span class='ocrx_word' id='word_1_31' title='bbox 130 635 358 687; x_wconf 63' lang='grc' dir='ltr'>ἁῧετῆσεως</span> <span class='ocrx_word' id='word_1_32' title='bbox 417 629 640 693; x_wconf 84' lang='lat' dir='ltr'>exempla</span> <span class='ocrx_word' id='word_1_33' title='bbox 694 636 929 692; x_wconf 85' lang='lat' dir='ltr'>petamus.</span> <span class='ocrx_word' id='word_1_34' title='bbox 1021 627 1247 689; x_wconf 81' lang='lat' dir='ltr'>Namque</span> <span class='ocrx_word' id='word_1_35' title='bbox 1305 625 1607 673; x_wconf 83' lang='lat' dir='ltr'>celeberrimi</span> 
     </span>
     <span class='ocr_line' id='line_1_7' title="bbox 126 691 1607 756; baseline -0.006 -10"><span class='ocrx_word' id='word_1_36' title='bbox 126 700 251 747; x_wconf 93' lang='lat' dir='ltr'>illius</span> <span class='ocrx_word' id='word_1_37' title='bbox 290 696 417 744; x_wconf 91' lang='lat' dir='ltr'>obeli</span> <span class='ocrx_word' id='word_1_38' title='bbox 456 704 555 743; x_wconf 90' lang='lat' dir='ltr'>tam</span> <span class='ocrx_word' id='word_1_39' title='bbox 591 711 696 741; x_wconf 88' lang='lat' dir='ltr'>rara</span> <span class='ocrx_word' id='word_1_40' title='bbox 725 693 933 756; x_wconf 77' lang='lat' dir='ltr'>vestigia</span> <span class='ocrx_word' id='word_1_41' title='bbox 979 699 1173 740; x_wconf 85' lang='lat' dir='ltr'>exstant</span> <span class='ocrx_word' id='word_1_42' title='bbox 1209 691 1297 738; x_wconf 89' lang='lat' dir='ltr'>sub</span> <span class='ocrx_word' id='word_1_43' title='bbox 1337 691 1607 738; x_wconf 86' lang='lat' dir='ltr'>Aristarchi</span> 
     </span>
     <span class='ocr_line' id='line_1_8' title="bbox 124 756 1609 824; baseline -0.004 -14"><span class='ocrx_word' id='word_1_44' title='bbox 124 763 334 818; x_wconf 89' lang='lat' dir='ltr'>nomine,</span> <span class='ocrx_word' id='word_1_45' title='bbox 355 768 668 824; x_wconf 52' lang='lat' dir='ltr'>ut‘congesta</span> <span class='ocrx_word' id='word_1_46' title='bbox 692 776 752 807; x_wconf 84' lang='lat' dir='ltr'>ex</span> <span class='ocrx_word' id='word_1_47' title='bbox 792 758 1013 814; x_wconf 91' lang='lat' dir='ltr'>Scholiis‚</span> <span class='ocrx_word' id='word_1_48' title='bbox 1053 774 1114 805; x_wconf 83' lang='lat' dir='ltr'>ex</span> <span class='ocrx_word' id='word_1_49' title='bbox 1141 756 1412 812; x_wconf 83' lang='lat' dir='ltr'>Eustathio‚</span> <span class='ocrx_word' id='word_1_50' title='bbox 1440 773 1501 804; x_wconf 89' lang='lat' dir='ltr'>ex</span> <span class='ocrx_word' id='word_1_51' title='bbox 1538 774 1609 804; x_wconf 91' lang='lat' dir='ltr'>re-</span> 
     </span>
     <span class='ocr_line' id='line_1_9' title="bbox 122 822 1611 892; baseline -0.005 -16"><span class='ocrx_word' id='word_1_52' title='bbox 122 828 263 892; x_wconf 80' lang='lat' dir='ltr'>liquis</span> <span class='ocrx_word' id='word_1_53' title='bbox 287 826 615 890; x_wconf 86' lang='lat' dir='ltr'>scriptoribus,</span> <span class='ocrx_word' id='word_1_54' title='bbox 658 823 821 872; x_wconf 88' lang='lat' dir='ltr'>omnia</span> <span class='ocrx_word' id='word_1_55' title='bbox 841 824 923 871; x_wconf 88' lang='lat' dir='ltr'>vix</span> <span class='ocrx_word' id='word_1_56' title='bbox 962 823 1164 887; x_wconf 83' lang='lat' dir='ltr'>triginta</span> <span class='ocrx_word' id='word_1_57' title='bbox 1197 822 1415 870; x_wconf 90' lang='lat' dir='ltr'>versibus</span> <span class='ocrx_word' id='word_1_58' title='bbox 1462 822 1611 885; x_wconf 89' lang='lat' dir='ltr'>suspi-</span> 
     </span>
     <span class='ocr_line' id='line_1_10' title="bbox 126 887 1611 955; baseline -0.005 -14"><span class='ocrx_word' id='word_1_59' title='bbox 126 894 316 942; x_wconf 90' lang='lat' dir='ltr'>cionem</span> <span class='ocrx_word' id='word_1_60' title='bbox 338 893 617 955; x_wconf 87' lang='lat' dir='ltr'>importent.</span> <span class='ocrx_word' id='word_1_61' title='bbox 688 890 758 937; x_wconf 91' lang='lat' dir='ltr'>Ea</span> <span class='ocrx_word' id='word_1_62' title='bbox 780 906 855 936; x_wconf 92' lang='lat' dir='ltr'>res</span> <span class='ocrx_word' id='word_1_63' title='bbox 879 905 957 936; x_wconf 91' lang='lat' dir='ltr'>me</span> <span class='ocrx_word' id='word_1_64' title='bbox 983 888 1287 952; x_wconf 82' lang='lat' dir='ltr'>pedetentim</span> <span class='ocrx_word' id='word_1_65' title='bbox 1313 887 1518 935; x_wconf 83' lang='lat' dir='ltr'>adduxit</span> <span class='ocrx_word' id='word_1_66' title='bbox 1558 887 1611 934; x_wconf 91' lang='lat' dir='ltr'>in</span> 
     </span>
     <span class='ocr_line' id='line_1_11' title="bbox 123 953 1612 1021; baseline -0.005 -14"><span class='ocrx_word' id='word_1_67' title='bbox 123 959 250 1007; x_wconf 88' lang='lat' dir='ltr'>hanc</span> <span class='ocrx_word' id='word_1_68' title='bbox 290 958 582 1021; x_wconf 88' lang='lat' dir='ltr'>opinionem,</span> <span class='ocrx_word' id='word_1_69' title='bbox 619 963 675 1002; x_wconf 92' lang='lat' dir='ltr'>ut</span> <span class='ocrx_word' id='word_1_70' title='bbox 697 955 843 1003; x_wconf 85' lang='lat' dir='ltr'>hodie</span> <span class='ocrx_word' id='word_1_71' title='bbox 887 955 1103 1008; x_wconf 61' lang='grc' dir='ltr'>ὠῧετῆσεις</span> <span class='ocrx_word' id='word_1_72' title='bbox 1148 953 1396 1001; x_wconf 89' lang='lat' dir='ltr'>clarissimi</span> <span class='ocrx_word' id='word_1_73' title='bbox 1439 953 1612 1001; x_wconf 88' lang='lat' dir='ltr'>Critici</span> 
     </span>
     <span class='ocr_line' id='line_1_12' title="bbox 124 1018 1613 1087; baseline -0.005 -15"><span class='ocrx_word' id='word_1_74' title='bbox 124 1024 279 1072; x_wconf 90' lang='lat' dir='ltr'>multo</span> <span class='ocrx_word' id='word_1_75' title='bbox 303 1023 476 1087; x_wconf 85' lang='lat' dir='ltr'>saepius</span> <span class='ocrx_word' id='word_1_76' title='bbox 498 1022 597 1085; x_wconf 77' lang='lat' dir='ltr'>legi</span> <span class='ocrx_word' id='word_1_77' title='bbox 619 1029 790 1085; x_wconf 89' lang='lat' dir='ltr'>putem</span> <span class='ocrx_word' id='word_1_78' title='bbox 814 1036 958 1084; x_wconf 90' lang='lat' dir='ltr'>quam</span> <span class='ocrx_word' id='word_1_79' title='bbox 999 1036 1179 1067; x_wconf 90' lang='lat' dir='ltr'>nomen</span> <span class='ocrx_word' id='word_1_80' title='bbox 1214 1018 1334 1083; x_wconf 87' lang='lat' dir='ltr'>ejus,</span> <span class='ocrx_word' id='word_1_81' title='bbox 1358 1018 1613 1082; x_wconf 90' lang='lat' dir='ltr'>multoque</span> 
     </span>
     <span class='ocr_line' id='line_1_13' title="bbox 126 1084 1613 1153; baseline -0.003 -17"><span class='ocrx_word' id='word_1_82' title='bbox 126 1090 357 1153; x_wconf 86' lang='lat' dir='ltr'>majorem</span> <span class='ocrx_word' id='word_1_83' title='bbox 398 1095 585 1152; x_wconf 88' lang='lat' dir='ltr'>partem</span> <span class='ocrx_word' id='word_1_84' title='bbox 625 1087 932 1134; x_wconf 84' lang='lat' dir='ltr'>notationum</span> <span class='ocrx_word' id='word_1_85' title='bbox 980 1084 1126 1149; x_wconf 87' lang='lat' dir='ltr'>hujus</span> <span class='ocrx_word' id='word_1_86' title='bbox 1166 1085 1376 1148; x_wconf 86' lang='lat' dir='ltr'>generis,</span> <span class='ocrx_word' id='word_1_87' title='bbox 1416 1100 1525 1148; x_wconf 85' lang='lat' dir='ltr'>quae</span> <span class='ocrx_word' id='word_1_88' title='bbox 1562 1084 1613 1130; x_wconf 93' lang='lat' dir='ltr'>in</span> 
     </span>
     <span class='ocr_line' id='line_1_14' title="bbox 126 1150 1612 1213; baseline -0.004 -11"><span class='ocrx_word' id='word_1_89' title='bbox 126 1154 330 1202; x_wconf 89' lang='lat' dir='ltr'>Scholiis</span> <span class='ocrx_word' id='word_1_90' title='bbox 354 1153 458 1201; x_wconf 88' lang='lat' dir='ltr'>sine</span> <span class='ocrx_word' id='word_1_91' title='bbox 482 1160 683 1200; x_wconf 89' lang='lat' dir='ltr'>auctore</span> <span class='ocrx_word' id='word_1_92' title='bbox 702 1151 966 1199; x_wconf 89' lang='lat' dir='ltr'>afferuntur</span> <span class='ocrx_word' id='word_1_93' title='bbox 982 1165 1018 1208; x_wconf 78' lang='lat'>²,</span> <span class='ocrx_word' id='word_1_94' title='bbox 1065 1150 1128 1197; x_wconf 88' lang='lat' dir='ltr'>ad</span> <span class='ocrx_word' id='word_1_95' title='bbox 1145 1150 1247 1213; x_wconf 87' lang='lat' dir='ltr'>ejus</span> <span class='ocrx_word' id='word_1_96' title='bbox 1267 1150 1612 1198; x_wconf 89' lang='lat' dir='ltr'>auctoritatem</span> 
     </span>
     <span class='ocr_line' id='line_1_15' title="bbox 129 1215 1612 1281; baseline -0.003 -14"><span class='ocrx_word' id='word_1_97' title='bbox 129 1219 434 1268; x_wconf 87' lang='lat' dir='ltr'>referendam</span> <span class='ocrx_word' id='word_1_98' title='bbox 470 1235 587 1266; x_wconf 91' lang='lat' dir='ltr'>esse.</span> <span class='ocrx_word' id='word_1_99' title='bbox 657 1217 719 1265; x_wconf 92' lang='lat' dir='ltr'>Id</span> <span class='ocrx_word' id='word_1_100' title='bbox 754 1217 928 1281; x_wconf 92' lang='lat' dir='ltr'>quibus</span> <span class='ocrx_word' id='word_1_101' title='bbox 964 1216 1262 1279; x_wconf 87' lang='lat' dir='ltr'>argumentis</span> <span class='ocrx_word' id='word_1_102' title='bbox 1303 1215 1612 1279; x_wconf 89' lang='lat' dir='ltr'>conjecerim,</span> 
     </span>
     <span class='ocr_line' id='line_1_16' title="bbox 124 1280 1615 1350; baseline -0.003 -18"><span class='ocrx_word' id='word_1_103' title='bbox 124 1285 292 1350; x_wconf 87' lang='lat' dir='ltr'>paucis</span> <span class='ocrx_word' id='word_1_104' title='bbox 316 1284 529 1343; x_wconf 83' lang='lat' dir='ltr'>doceb03</span> <span class='ocrx_word' id='word_1_105' title='bbox 566 1299 628 1330; x_wconf 90' lang='lat' dir='ltr'>an</span> <span class='ocrx_word' id='word_1_106' title='bbox 650 1281 918 1347; x_wconf 88' lang='lat' dir='ltr'>probabilia</span> <span class='ocrx_word' id='word_1_107' title='bbox 936 1297 993 1329; x_wconf 89' lang='lat' dir='ltr'>ea</span> <span class='ocrx_word' id='word_1_108' title='bbox 1015 1288 1302 1346; x_wconf 88' lang='lat' dir='ltr'>argumenta</span> <span class='ocrx_word' id='word_1_109' title='bbox 1320 1282 1434 1340; x_wconf 89' lang='lat' dir='ltr'>sint,</span> <span class='ocrx_word' id='word_1_110' title='bbox 1459 1280 1615 1345; x_wconf 84' lang='lat' dir='ltr'>cujus-</span> 
     </span>
     <span class='ocr_line' id='line_1_17' title="bbox 124 1349 574 1413; baseline -0.007 -15"><span class='ocrx_word' id='word_1_111' title='bbox 124 1351 198 1398; x_wconf 91' lang='lat' dir='ltr'>vis</span> <span class='ocrx_word' id='word_1_112' title='bbox 223 1350 314 1398; x_wconf 90' lang='lat' dir='ltr'>erit</span> <span class='ocrx_word' id='word_1_113' title='bbox 329 1349 574 1413; x_wconf 86' lang='lat' dir='ltr'>judicare.</span> 
     </span>
    </p>

    <p class='ocr_par' dir='ltr' id='par_1_4' title="bbox 117 1411 1619 2068">
     <span class='ocr_line' id='line_1_18' title="bbox 192 1411 1613 1478; baseline -0.001 -16"><span class='ocrx_word' id='word_1_114' title='bbox 192 1415 354 1462; x_wconf 88' lang='lat' dir='ltr'>Primo</span> <span class='ocrx_word' id='word_1_115' title='bbox 389 1415 517 1462; x_wconf 89' lang='lat' dir='ltr'>enim</span> <span class='ocrx_word' id='word_1_116' title='bbox 541 1421 757 1478; x_wconf 87' lang='lat' dir='ltr'>apparet,</span> <span class='ocrx_word' id='word_1_117' title='bbox 780 1421 939 1460; x_wconf 89' lang='lat' dir='ltr'>totum</span> <span class='ocrx_word' id='word_1_118' title='bbox 978 1412 1074 1460; x_wconf 94' lang='lat' dir='ltr'>hoc</span> <span class='ocrx_word' id='word_1_119' title='bbox 1100 1428 1274 1476; x_wconf 87' lang='lat' dir='ltr'>corpus</span> <span class='ocrx_word' id='word_1_120' title='bbox 1309 1411 1613 1460; x_wconf 89' lang='lat' dir='ltr'>Scholiorum</span> 
     </span>
     <span class='ocr_line' id='line_1_19' title="bbox 126 1478 1614 1546; baseline -0.002 -18"><span class='ocrx_word' id='word_1_121' title='bbox 126 1481 428 1546; x_wconf 89' lang='lat' dir='ltr'>potissimum</span> <span class='ocrx_word' id='word_1_122' title='bbox 441 1480 500 1527; x_wconf 86' lang='lat' dir='ltr'>ad</span> <span class='ocrx_word' id='word_1_123' title='bbox 515 1479 785 1527; x_wconf 88' lang='lat' dir='ltr'>Aristarchi</span> <span class='ocrx_word' id='word_1_124' title='bbox 795 1478 1127 1526; x_wconf 89' lang='lat' dir='ltr'>recensionem</span> <span class='ocrx_word' id='word_1_125' title='bbox 1140 1495 1243 1526; x_wconf 87' lang='lat' dir='ltr'>esse</span> <span class='ocrx_word' id='word_1_126' title='bbox 1260 1486 1588 1542; x_wconf 86' lang='lat' dir='ltr'>comparatum</span> <span class='ocrx_word' id='word_1_127' title='bbox 1603 1496 1614 1525; x_wconf 77' lang='lat' dir='ltr'><em>z</em></span> 
     </span>
     <span class='ocr_line' id='line_1_20' title="bbox 127 1544 1618 1610; baseline -0.003 -16"><span class='ocrx_word' id='word_1_128' title='bbox 127 1553 340 1610; x_wconf 86' lang='lat' dir='ltr'>arguunt</span> <span class='ocrx_word' id='word_1_129' title='bbox 375 1545 426 1592; x_wconf 91' lang='lat' dir='ltr'>id</span> <span class='ocrx_word' id='word_1_130' title='bbox 448 1545 680 1593; x_wconf 89' lang='lat' dir='ltr'>librorum</span> <span class='ocrx_word' id='word_1_131' title='bbox 721 1544 1099 1608; x_wconf 86' lang='lat' dir='ltr'>subscriptiones</span> <span class='ocrx_word' id='word_1_132' title='bbox 1122 1555 1168 1603; x_wconf 74' lang='lat'>¹³3</span> <span class='ocrx_word' id='word_1_133' title='bbox 1222 1551 1434 1607; x_wconf 84' lang='lat' dir='ltr'>arguunt</span> <span class='ocrx_word' id='word_1_134' title='bbox 1473 1544 1618 1608; x_wconf 89' lang='lat' dir='ltr'>pluri-</span> 
     </span>
     <span class='ocr_line' id='line_1_21' title="bbox 125 1607 1616 1672; baseline -0.001 -14"><span class='ocrx_word' id='word_1_135' title='bbox 125 1627 218 1659; x_wconf 86' lang='lat' dir='ltr'>111ae</span> <span class='ocrx_word' id='word_1_136' title='bbox 240 1611 475 1658; x_wconf 91' lang='lat' dir='ltr'>lectiones</span> <span class='ocrx_word' id='word_1_137' title='bbox 513 1621 562 1658; x_wconf 90' lang='lat' dir='ltr'>et</span> <span class='ocrx_word' id='word_1_138' title='bbox 607 1607 963 1668; x_wconf 81' lang='lat' dir='ltr'>correctiones;</span> <span class='ocrx_word' id='word_1_139' title='bbox 1003 1616 1216 1672; x_wconf 84' lang='lat' dir='ltr'>arguunt</span> <span class='ocrx_word' id='word_1_140' title='bbox 1240 1609 1415 1656; x_wconf 90' lang='lat' dir='ltr'>omnia.</span> <span class='ocrx_word' id='word_1_141' title='bbox 1489 1611 1616 1657; x_wconf 87' lang='lat' dir='ltr'>Tan-</span> 
     </span>
     <span class='ocr_line' id='line_1_22' title="bbox 125 1674 1619 1737; baseline -0.001 -13"><span class='ocrx_word' id='word_1_142' title='bbox 125 1684 177 1724; x_wconf 89' lang='lat' dir='ltr'>ta</span> <span class='ocrx_word' id='word_1_143' title='bbox 201 1684 363 1724; x_wconf 89' lang='lat' dir='ltr'>autem</span> <span class='ocrx_word' id='word_1_144' title='bbox 387 1675 468 1723; x_wconf 87' lang='lat' dir='ltr'>ille</span> <span class='ocrx_word' id='word_1_145' title='bbox 485 1674 580 1723; x_wconf 88' lang='lat' dir='ltr'>fuit</span> <span class='ocrx_word' id='word_1_146' title='bbox 605 1675 962 1723; x_wconf 87' lang='lat' dir='ltr'>existimatione</span> <span class='ocrx_word' id='word_1_147' title='bbox 987 1674 1117 1737; x_wconf 88' lang='lat' dir='ltr'>apud</span> <span class='ocrx_word' id='word_1_148' title='bbox 1142 1674 1502 1722; x_wconf 89' lang='lat' dir='ltr'>Grammaticos</span> <span class='ocrx_word' id='word_1_149' title='bbox 1539 1692 1619 1723; x_wconf 90' lang='lat' dir='ltr'>cu-</span> 
     </span>
     <span class='ocr_line' id='line_1_23' title="bbox 117 1740 1619 1806; baseline -0.001 -17"><span class='ocrx_word' id='word_1_150' title='bbox 117 1740 298 1806; x_wconf 85' lang='lat' dir='ltr'>jusque</span> <span class='ocrx_word' id='word_1_151' title='bbox 323 1748 483 1797; x_wconf 76' lang='lat' dir='ltr'>sectae,</span> <span class='ocrx_word' id='word_1_152' title='bbox 520 1749 577 1788; x_wconf 91' lang='lat' dir='ltr'>ut</span> <span class='ocrx_word' id='word_1_153' title='bbox 604 1741 684 1788; x_wconf 87' lang='lat' dir='ltr'>vel</span> <span class='ocrx_word' id='word_1_154' title='bbox 709 1741 884 1788; x_wconf 92' lang='lat' dir='ltr'>omisso</span> <span class='ocrx_word' id='word_1_155' title='bbox 922 1740 1120 1788; x_wconf 90' lang='lat' dir='ltr'>nomine</span> <span class='ocrx_word' id='word_1_156' title='bbox 1161 1740 1273 1787; x_wconf 87' lang='lat' dir='ltr'>satis</span> <span class='ocrx_word' id='word_1_157' title='bbox 1320 1740 1619 1801; x_wconf 59' lang='lat' dir='ltr'>significatus</span> 
     </span>
     <span class='ocr_line' id='line_1_24' title="bbox 127 1805 1617 1870; baseline -0.001 -15"><span class='ocrx_word' id='word_1_158' title='bbox 127 1807 375 1855; x_wconf 87' lang='lat' dir='ltr'>videretur</span> <span class='ocrx_word' id='word_1_159' title='bbox 413 1806 705 1870; x_wconf 86' lang='lat' dir='ltr'>legentibus.</span> <span class='ocrx_word' id='word_1_160' title='bbox 778 1805 894 1853; x_wconf 94' lang='lat' dir='ltr'>Huc</span> <span class='ocrx_word' id='word_1_161' title='bbox 937 1805 1132 1854; x_wconf 88' lang='lat' dir='ltr'>accedit</span> <span class='ocrx_word' id='word_1_162' title='bbox 1171 1806 1450 1870; x_wconf 83' lang='lat' dir='ltr'>gravissima</span> <span class='ocrx_word' id='word_1_163' title='bbox 1480 1807 1617 1863; x_wconf 91' lang='lat' dir='ltr'>ratio,</span> 
     </span>
     <span class='ocr_line' id='line_1_25' title="bbox 128 1871 1619 1936; baseline -0.001 -16"><span class='ocrx_word' id='word_1_164' title='bbox 128 1872 261 1936; x_wconf 90' lang='lat' dir='ltr'>quod</span> <span class='ocrx_word' id='word_1_165' title='bbox 281 1889 448 1920; x_wconf 90' lang='lat' dir='ltr'>versus</span> <span class='ocrx_word' id='word_1_166' title='bbox 490 1872 673 1936; x_wconf 89' lang='lat' dir='ltr'>aliquot</span> <span class='ocrx_word' id='word_1_167' title='bbox 697 1871 980 1935; x_wconf 89' lang='lat' dir='ltr'>simpliciter</span> <span class='ocrx_word' id='word_1_168' title='bbox 1017 1872 1253 1935; x_wconf 61' lang='grc' dir='ltr'>ἠθετημὲνοι</span> <span class='ocrx_word' id='word_1_169' title='bbox 1279 1888 1380 1919; x_wconf 87' lang='lat' dir='ltr'>esse</span> <span class='ocrx_word' id='word_1_170' title='bbox 1421 1872 1619 1919; x_wconf 87' lang='lat' dir='ltr'>tradun-</span> 
     </span>
     <span class='ocr_line' id='line_1_26' title="bbox 126 1935 1617 1994; baseline -0.001 -8"><span class='ocrx_word' id='word_1_171' title='bbox 126 1946 207 1986; x_wconf 92' lang='lat' dir='ltr'>tur</span> <span class='ocrx_word' id='word_1_172' title='bbox 245 1938 296 1984; x_wconf 90' lang='lat' dir='ltr'>in</span> <span class='ocrx_word' id='word_1_173' title='bbox 337 1937 558 1993; x_wconf 90' lang='lat' dir='ltr'>Scholiis‚</span> <span class='ocrx_word' id='word_1_174' title='bbox 603 1937 724 1984; x_wconf 91' lang='lat' dir='ltr'>etin</span> <span class='ocrx_word' id='word_1_175' title='bbox 773 1945 916 1984; x_wconf 86' lang='lat' dir='ltr'>textu</span> <span class='ocrx_word' id='word_1_176' title='bbox 956 1937 1141 1985; x_wconf 91' lang='lat' dir='ltr'>codicis</span> <span class='ocrx_word' id='word_1_177' title='bbox 1186 1937 1328 1985; x_wconf 92' lang='lat' dir='ltr'>obelo</span> <span class='ocrx_word' id='word_1_178' title='bbox 1369 1935 1617 1994; x_wconf 84' lang='lat' dir='ltr'>notantur,</span> 
     </span>
     <span class='ocr_line' id='line_1_27' title="bbox 127 2002 1618 2068; baseline -0.001 -17"><span class='ocrx_word' id='word_1_179' title='bbox 127 2019 247 2068; x_wconf 88' lang='lat' dir='ltr'>quos</span> <span class='ocrx_word' id='word_1_180' title='bbox 287 2002 369 2050; x_wconf 89' lang='lat' dir='ltr'>alii</span> <span class='ocrx_word' id='word_1_181' title='bbox 407 2003 664 2066; x_wconf 90' lang='lat' dir='ltr'>perspicue</span> <span class='ocrx_word' id='word_1_182' title='bbox 702 2003 904 2050; x_wconf 87' lang='lat' dir='ltr'>tradunt</span> <span class='ocrx_word' id='word_1_183' title='bbox 939 2004 998 2049; x_wconf 92' lang='lat' dir='ltr'>ab</span> <span class='ocrx_word' id='word_1_184' title='bbox 1040 2002 1328 2050; x_wconf 90' lang='lat' dir='ltr'>Aristarcho</span> <span class='ocrx_word' id='word_1_185' title='bbox 1364 2010 1561 2051; x_wconf 90' lang='lat' dir='ltr'>notatos</span> <span class='ocrx_word' id='word_1_186' title='bbox 1585 2008 1618 2050; x_wconf 54' lang='grc' dir='ltr'>ς.</span> 
     </span>
    </p>
   </div>
   <div class='ocr_carea' id='block_1_3' title="bbox 128 2131 1633 2947">
    <p class='ocr_par' dir='ltr' id='par_1_5' title="bbox 128 2131 1626 2461">
     <span class='ocr_line' id='line_1_28' title="bbox 171 2131 1623 2174; baseline 0.001 -13"><span class='ocrx_word' id='word_1_187' title='bbox 171 2140 191 2161; x_wconf 85' lang='lat' dir='ltr'>a</span> <span class='ocrx_word' id='word_1_188' title='bbox 213 2131 284 2162; x_wconf 81' lang='lat' dir='ltr'>Sive</span> <span class='ocrx_word' id='word_1_189' title='bbox 298 2131 391 2162; x_wconf 85' lang='lat' dir='ltr'>verbo</span> <span class='ocrx_word' id='word_1_190' title='bbox 405 2133 566 2167; x_wconf 60' lang='grc' dir='ltr'>ἀθετεῖς-αι,</span> <span class='ocrx_word' id='word_1_191' title='bbox 591 2131 625 2162; x_wconf 88' lang='lat' dir='ltr'>in</span> <span class='ocrx_word' id='word_1_192' title='bbox 643 2131 759 2162; x_wconf 86' lang='lat' dir='ltr'>Scholl.</span> <span class='ocrx_word' id='word_1_193' title='bbox 784 2131 939 2171; x_wconf 83' lang='lat' dir='ltr'>adscripto</span> <span class='ocrx_word' id='word_1_194' title='bbox 965 2132 1148 2171; x_wconf 86' lang='lat' dir='ltr'>simpliciter</span> <span class='ocrx_word' id='word_1_195' title='bbox 1172 2132 1310 2164; x_wconf 78' lang='lat' dir='ltr'>versibus</span> <span class='ocrx_word' id='word_1_196' title='bbox 1333 2133 1378 2169; x_wconf 81' lang='lat' dir='ltr'>iis,</span> <span class='ocrx_word' id='word_1_197' title='bbox 1402 2133 1456 2174; x_wconf 87' lang='lat' dir='ltr'>qui</span> <span class='ocrx_word' id='word_1_198' title='bbox 1479 2133 1513 2163; x_wconf 91' lang='lat' dir='ltr'>in</span> <span class='ocrx_word' id='word_1_199' title='bbox 1535 2139 1623 2164; x_wconf 79' lang='lat' dir='ltr'>textu</span> 
     </span>
     <span class='ocr_line' id='line_1_29' title="bbox 129 2173 1624 2215; baseline 0.001 -12"><span class='ocrx_word' id='word_1_200' title='bbox 129 2173 375 2213; x_wconf 59' lang='lat' dir='ltr'>prastantissimi</span> <span class='ocrx_word' id='word_1_201' title='bbox 396 2174 463 2204; x_wconf 88' lang='lat' dir='ltr'>cod.</span> <span class='ocrx_word' id='word_1_202' title='bbox 485 2174 607 2214; x_wconf 81' lang='lat' dir='ltr'>virgula</span> <span class='ocrx_word' id='word_1_203' title='bbox 632 2175 747 2215; x_wconf 82' lang='lat' dir='ltr'>signati</span> <span class='ocrx_word' id='word_1_204' title='bbox 771 2182 857 2205; x_wconf 82' lang='lat' dir='ltr'>sunt:</span> <span class='ocrx_word' id='word_1_205' title='bbox 885 2182 921 2205; x_wconf 85' lang='lat' dir='ltr'>ut</span> <span class='ocrx_word' id='word_1_206' title='bbox 945 2174 978 2205; x_wconf 91' lang='lat' dir='ltr'>in</span> <span class='ocrx_word' id='word_1_207' title='bbox 1003 2177 1103 2215; x_wconf 72' lang='lat' dir='ltr'>thaps.</span> <span class='ocrx_word' id='word_1_208' title='bbox 1130 2178 1167 2207; x_wconf 75' lang='grc' dir='ltr'>α’.</span> <span class='ocrx_word' id='word_1_209' title='bbox 1192 2179 1347 2208; x_wconf 78' lang='grc'><strong>29-31.</strong></span> <span class='ocrx_word' id='word_1_210' title='bbox 1372 2180 1442 2207; x_wconf 89' lang='grc'><strong>110.</strong></span> <span class='ocrx_word' id='word_1_211' title='bbox 1460 2180 1527 2207; x_wconf 81' lang='grc'><strong>155.</strong></span> <span class='ocrx_word' id='word_1_212' title='bbox 1553 2181 1624 2208; x_wconf 83' lang='grc'><strong>159.</strong></span> 
     </span>
     <span class='ocr_line' id='line_1_30' title="bbox 131 2217 1626 2255; baseline 0.002 -8"><span class='ocrx_word' id='word_1_213' title='bbox 131 2220 202 2248; x_wconf 79' lang='grc'><strong>192.</strong></span> <span class='ocrx_word' id='word_1_214' title='bbox 217 2220 289 2247; x_wconf 80' lang='lat'>424.</span> <span class='ocrx_word' id='word_1_215' title='bbox 306 2220 378 2246; x_wconf 81' lang='lat'>444.</span> <span class='ocrx_word' id='word_1_216' title='bbox 398 2219 483 2255; x_wconf 82' lang='lat'>474.;</span> <span class='ocrx_word' id='word_1_217' title='bbox 505 2217 568 2248; x_wconf 80' lang='lat' dir='ltr'>sive</span> <span class='ocrx_word' id='word_1_218' title='bbox 583 2217 690 2248; x_wconf 81' lang='lat' dir='ltr'>addito</span> <span class='ocrx_word' id='word_1_219' title='bbox 713 2228 777 2251; x_wconf 81' lang='lat' dir='ltr'>voc.</span> <span class='ocrx_word' id='word_1_220' title='bbox 801 2218 917 2254; x_wconf 74' lang='grc' dir='ltr'><em>ὂβελ6ς;</em></span> <span class='ocrx_word' id='word_1_221' title='bbox 943 2225 979 2248; x_wconf 87' lang='lat' dir='ltr'>ut</span> <span class='ocrx_word' id='word_1_222' title='bbox 993 2220 1033 2250; x_wconf 66' lang='grc' dir='ltr'>θ’.</span> <span class='ocrx_word' id='word_1_223' title='bbox 1057 2221 1128 2251; x_wconf 77' lang='lat'>235.</span> <span class='ocrx_word' id='word_1_224' title='bbox 1151 2224 1182 2249; x_wconf 84' lang='lat' dir='ltr'>at</span> <span class='ocrx_word' id='word_1_225' title='bbox 1208 2219 1240 2250; x_wconf 81' lang='lat' dir='ltr'>id</span> <span class='ocrx_word' id='word_1_226' title='bbox 1263 2218 1428 2249; x_wconf 72' lang='lat' dir='ltr'>rarissime.</span> <span class='ocrx_word' id='word_1_227' title='bbox 1472 2219 1554 2251; x_wconf 86' lang='lat' dir='ltr'>Sunt</span> <span class='ocrx_word' id='word_1_228' title='bbox 1576 2226 1626 2250; x_wconf 83' lang='lat' dir='ltr'>ta-</span> 
     </span>
     <span class='ocr_line' id='line_1_31' title="bbox 129 2258 1623 2303; baseline 0.002 -14"><span class='ocrx_word' id='word_1_229' title='bbox 129 2268 203 2290; x_wconf 85' lang='lat' dir='ltr'>men</span> <span class='ocrx_word' id='word_1_230' title='bbox 219 2259 313 2290; x_wconf 84' lang='lat' dir='ltr'>etiam</span> <span class='ocrx_word' id='word_1_231' title='bbox 328 2258 396 2294; x_wconf 85' lang='lat' dir='ltr'>loci,</span> <span class='ocrx_word' id='word_1_232' title='bbox 419 2260 472 2300; x_wconf 89' lang='lat' dir='ltr'>qui</span> <span class='ocrx_word' id='word_1_233' title='bbox 488 2259 522 2289; x_wconf 86' lang='lat' dir='ltr'>in</span> <span class='ocrx_word' id='word_1_234' title='bbox 539 2266 626 2290; x_wconf 81' lang='lat' dir='ltr'>textu</span> <span class='ocrx_word' id='word_1_235' title='bbox 642 2260 770 2300; x_wconf 83' lang='lat' dir='ltr'>quidem</span> <span class='ocrx_word' id='word_1_236' title='bbox 787 2261 903 2291; x_wconf 83' lang='lat' dir='ltr'>habent</span> <span class='ocrx_word' id='word_1_237' title='bbox 924 2261 1079 2302; x_wconf 84' lang='lat' dir='ltr'>virgulam</span> <span class='ocrx_word' id='word_1_238' title='bbox 1103 2273 1126 2292; x_wconf 87' lang='lat' dir='ltr'>s.</span> <span class='ocrx_word' id='word_1_239' title='bbox 1142 2262 1276 2298; x_wconf 87' lang='lat' dir='ltr'>obelum,</span> <span class='ocrx_word' id='word_1_240' title='bbox 1300 2262 1352 2293; x_wconf 85' lang='lat' dir='ltr'>sed</span> <span class='ocrx_word' id='word_1_241' title='bbox 1379 2262 1533 2293; x_wconf 85' lang='lat' dir='ltr'>indicium</span> <span class='ocrx_word' id='word_1_242' title='bbox 1556 2264 1623 2303; x_wconf 83' lang='lat' dir='ltr'>ejus</span> 
     </span>
     <span class='ocr_line' id='line_1_32' title="bbox 128 2301 1623 2337; baseline 0.003 -5"><span class='ocrx_word' id='word_1_243' title='bbox 128 2301 216 2333; x_wconf 76' lang='lat' dir='ltr'>deest</span> <span class='ocrx_word' id='word_1_244' title='bbox 231 2302 264 2332; x_wconf 81' lang='lat' dir='ltr'>in</span> <span class='ocrx_word' id='word_1_245' title='bbox 288 2301 402 2332; x_wconf 87' lang='lat' dir='ltr'>Scholl.</span> <span class='ocrx_word' id='word_1_246' title='bbox 445 2302 527 2332; x_wconf 73' lang='lat' dir='ltr'>Vide</span> <span class='ocrx_word' id='word_1_247' title='bbox 547 2302 587 2333; x_wconf 83' lang='lat' dir='ltr'>ad</span> <span class='ocrx_word' id='word_1_248' title='bbox 607 2303 644 2334; x_wconf 77' lang='grc' dir='ltr'>α’.</span> <span class='ocrx_word' id='word_1_249' title='bbox 661 2307 710 2334; x_wconf 87' lang='grc'>96.</span> <span class='ocrx_word' id='word_1_250' title='bbox 726 2307 797 2335; x_wconf 79' lang='lat'>493.</span> <span class='ocrx_word' id='word_1_251' title='bbox 822 2303 921 2334; x_wconf 76' lang='lat' dir='ltr'>Catal.</span> <span class='ocrx_word' id='word_1_252' title='bbox 941 2308 1010 2335; x_wconf 90' lang='lat'>110.</span> <span class='ocrx_word' id='word_1_253' title='bbox 1028 2308 1097 2334; x_wconf 81' lang='lat'>158.</span> <span class='ocrx_word' id='word_1_254' title='bbox 1113 2308 1185 2335; x_wconf 83' lang='lat'>381.</span> <span class='ocrx_word' id='word_1_255' title='bbox 1201 2308 1272 2335; x_wconf 80' lang='lat'>382.</span> <span class='ocrx_word' id='word_1_256' title='bbox 1294 2304 1327 2336; x_wconf 72' lang='grc' dir='ltr'>δ’.</span> <span class='ocrx_word' id='word_1_257' title='bbox 1346 2309 1414 2337; x_wconf 83' lang='lat'>149.</span> <span class='ocrx_word' id='word_1_258' title='bbox 1438 2313 1474 2336; x_wconf 74' lang='grc' dir='ltr'>κ’.</span> <span class='ocrx_word' id='word_1_259' title='bbox 1499 2309 1550 2336; x_wconf 89' lang='grc'>51.</span> <span class='ocrx_word' id='word_1_260' title='bbox 1573 2310 1623 2337; x_wconf 74' lang='lat'>59.</span> 
     </span>
     <span class='ocr_line' id='line_1_33' title="bbox 128 2342 1626 2389; baseline 0.003 -14"><span class='ocrx_word' id='word_1_261' title='bbox 128 2346 169 2384; x_wconf 79' lang='grc' dir='ltr'>μ’.</span> <span class='ocrx_word' id='word_1_262' title='bbox 185 2347 258 2376; x_wconf 81' lang='grc'><strong>571.</strong></span> <span class='ocrx_word' id='word_1_263' title='bbox 282 2344 341 2385; x_wconf 69' lang='grc' dir='ltr'>(ἶσα</span> <span class='ocrx_word' id='word_1_264' title='bbox 355 2342 576 2385; x_wconf 70' lang='grc' dir='ltr'>διεσκεύασται.)</span> <span class='ocrx_word' id='word_1_265' title='bbox 600 2348 635 2377; x_wconf 70' lang='grc' dir='ltr'>τ’.</span> <span class='ocrx_word' id='word_1_266' title='bbox 656 2348 722 2377; x_wconf 79' lang='grc'><strong>125.</strong></span> <span class='ocrx_word' id='word_1_267' title='bbox 745 2348 790 2385; x_wconf 71' lang='grc' dir='ltr'>ψ’.</span> <span class='ocrx_word' id='word_1_268' title='bbox 807 2350 1006 2378; x_wconf 76' lang='grc'><strong>259-261.</strong></span> <span class='ocrx_word' id='word_1_269' title='bbox 1035 2350 1072 2378; x_wconf 82' lang='grc' dir='ltr'>ω’.</span> <span class='ocrx_word' id='word_1_270' title='bbox 1086 2351 1159 2379; x_wconf 91' lang='grc'><strong>677.</strong></span> <span class='ocrx_word' id='word_1_271' title='bbox 1175 2351 1247 2379; x_wconf 89' lang='grc'><strong>778.</strong></span> <span class='ocrx_word' id='word_1_272' title='bbox 1291 2348 1467 2389; x_wconf 78' lang='lat' dir='ltr'>Aliquoties</span> <span class='ocrx_word' id='word_1_273' title='bbox 1488 2349 1566 2380; x_wconf 87' lang='lat' dir='ltr'>adeo</span> <span class='ocrx_word' id='word_1_274' title='bbox 1591 2360 1626 2380; x_wconf 93' lang='lat' dir='ltr'>o-</span> 
     </span>
     <span class='ocr_line' id='line_1_34' title="bbox 129 2387 1623 2461; baseline 0.003 -44"><span class='ocrx_word' id='word_1_275' title='bbox 129 2387 221 2437; x_wconf 63' lang='lat' dir='ltr'>belus</span> <span class='ocrx_word' id='word_1_276' title='bbox 233 2387 354 2461; x_wconf 35' lang='lat' dir='ltr'>effluis</span> <span class='ocrx_word' id='word_1_277' title='bbox 370 2393 416 2417; x_wconf 86' lang='lat' dir='ltr'>est</span> <span class='ocrx_word' id='word_1_278' title='bbox 430 2387 559 2418; x_wconf 81' lang='lat' dir='ltr'>confuse</span> <span class='ocrx_word' id='word_1_279' title='bbox 574 2394 606 2419; x_wconf 84' lang='lat' dir='ltr'>et</span> <span class='ocrx_word' id='word_1_280' title='bbox 620 2388 708 2424; x_wconf 79' lang='lat' dir='ltr'>falso,</span> <span class='ocrx_word' id='word_1_281' title='bbox 729 2396 765 2419; x_wconf 84' lang='lat' dir='ltr'>ut</span> <span class='ocrx_word' id='word_1_282' title='bbox 778 2390 837 2419; x_wconf 82' lang='lat' dir='ltr'>hac</span> <span class='ocrx_word' id='word_1_283' title='bbox 852 2389 891 2420; x_wconf 92' lang='lat' dir='ltr'>de</span> <span class='ocrx_word' id='word_1_284' title='bbox 906 2400 939 2420; x_wconf 85' lang='lat' dir='ltr'>re</span> <span class='ocrx_word' id='word_1_285' title='bbox 960 2390 1145 2431; x_wconf 84' lang='lat' dir='ltr'>singulatim</span> <span class='ocrx_word' id='word_1_286' title='bbox 1170 2390 1340 2422; x_wconf 85' lang='lat' dir='ltr'>dicendum</span> <span class='ocrx_word' id='word_1_287' title='bbox 1365 2392 1405 2422; x_wconf 85' lang='lat' dir='ltr'>sit</span> <span class='ocrx_word' id='word_1_288' title='bbox 1431 2392 1464 2421; x_wconf 86' lang='lat' dir='ltr'>in</span> <span class='ocrx_word' id='word_1_289' title='bbox 1488 2391 1623 2432; x_wconf 59' lang='lat' dir='ltr'>descrip-</span> 
     </span>
     <span class='ocr_line' id='line_1_35' title="bbox 132 2435 358 2461; baseline -0.004 0"><span class='ocrx_word' id='word_1_290' title='bbox 132 2435 220 2461; x_wconf 75' lang='lat' dir='ltr'>none</span> <span class='ocrx_word' id='word_1_291' title='bbox 305 2440 358 2460; x_wconf 73' lang='lat' dir='ltr'>cis.</span> 
     </span>
    </p>

    <p class='ocr_par' dir='ltr' id='par_1_6' title="bbox 138 2472 1625 2558">
     <span class='ocr_line' id='line_1_36' title="bbox 173 2472 1625 2519; baseline 0.003 -15"><span class='ocrx_word' id='word_1_292' title='bbox 173 2474 194 2504; x_wconf 88' lang='lat' dir='ltr'>b</span> <span class='ocrx_word' id='word_1_293' title='bbox 216 2473 282 2504; x_wconf 76' lang='lat' dir='ltr'>Ubi</span> <span class='ocrx_word' id='word_1_294' title='bbox 298 2473 400 2511; x_wconf 82' lang='lat' dir='ltr'>primo</span> <span class='ocrx_word' id='word_1_295' title='bbox 413 2472 483 2503; x_wconf 90' lang='lat' dir='ltr'>loco</span> <span class='ocrx_word' id='word_1_296' title='bbox 497 2473 723 2512; x_wconf 73' lang='lat' dir='ltr'>promittuntur</span> <span class='ocrx_word' id='word_1_297' title='bbox 737 2474 771 2504; x_wconf 75' lang='lat' dir='ltr'>in</span> <span class='ocrx_word' id='word_1_298' title='bbox 787 2474 920 2505; x_wconf 73' lang='lat' dir='ltr'>Schollis</span> <span class='ocrx_word' id='word_1_299' title='bbox 942 2476 983 2506; x_wconf 72' lang='grc' dir='ltr'>τὰ</span> <span class='ocrx_word' id='word_1_300' title='bbox 1007 2476 1199 2519; x_wconf 58' lang='grc' dir='ltr'>Ἀριστονίκου</span> <span class='ocrx_word' id='word_1_301' title='bbox 1224 2480 1330 2517; x_wconf 62' lang='grc' dir='ltr'>σημεῖα</span> <span class='ocrx_word' id='word_1_302' title='bbox 1354 2478 1407 2508; x_wconf 70' lang='grc' dir='ltr'>καὶ</span> <span class='ocrx_word' id='word_1_303' title='bbox 1431 2478 1473 2508; x_wconf 71' lang='grc' dir='ltr'>τὰ</span> <span class='ocrx_word' id='word_1_304' title='bbox 1502 2476 1625 2517; x_wconf 69' lang='grc' dir='ltr'>Διδῦμσυ</span> 
     </span>
     <span class='ocr_line' id='line_1_37' title="bbox 138 2515 695 2558; baseline 0.002 -12"><span class='ocrx_word' id='word_1_305' title='bbox 138 2517 202 2558; x_wconf 54' lang='grc' dir='ltr'>τις)</span> <span class='ocrx_word' id='word_1_306' title='bbox 216 2517 268 2550; x_wconf 65' lang='grc' dir='ltr'>τῆς</span> <span class='ocrx_word' id='word_1_307' title='bbox 281 2517 502 2558; x_wconf 59' lang='grc' dir='ltr'>Ἀρισταρχεὶου</span> <span class='ocrx_word' id='word_1_308' title='bbox 516 2515 695 2557; x_wconf 66' lang='grc' dir='ltr'><strong>διορθώσεως.</strong></span> 
     </span>
    </p>

    <p class='ocr_par' dir='ltr' id='par_1_7' title="bbox 135 2558 1633 2947">
     <span class='ocr_line' id='line_1_38' title="bbox 175 2558 1625 2603; baseline 0.002 -14"><span class='ocrx_word' id='word_1_309' title='bbox 175 2567 194 2589; x_wconf 89' lang='lat' dir='ltr'>c</span> <span class='ocrx_word' id='word_1_310' title='bbox 216 2558 297 2589; x_wconf 79' lang='lat' dir='ltr'>Satis</span> <span class='ocrx_word' id='word_1_311' title='bbox 311 2558 370 2588; x_wconf 78' lang='lat' dir='ltr'>erit</span> <span class='ocrx_word' id='word_1_312' title='bbox 384 2559 435 2588; x_wconf 85' lang='lat' dir='ltr'>hic</span> <span class='ocrx_word' id='word_1_313' title='bbox 450 2569 573 2599; x_wconf 86' lang='lat' dir='ltr'>quoque</span> <span class='ocrx_word' id='word_1_314' title='bbox 595 2559 693 2589; x_wconf 80' lang='lat' dir='ltr'>tribus</span> <span class='ocrx_word' id='word_1_315' title='bbox 711 2559 862 2599; x_wconf 83' lang='lat' dir='ltr'>exemplis</span> <span class='ocrx_word' id='word_1_316' title='bbox 876 2559 1016 2601; x_wconf 80' lang='lat' dir='ltr'>defungi.</span> <span class='ocrx_word' id='word_1_317' title='bbox 1060 2562 1180 2592; x_wconf 69' lang='lat' dir='ltr'>Versus</span> <span class='ocrx_word' id='word_1_318' title='bbox 1196 2562 1307 2603; x_wconf 82' lang='lat' dir='ltr'>Odyss.</span> <span class='ocrx_word' id='word_1_319' title='bbox 1336 2566 1373 2593; x_wconf 77' lang='grc' dir='ltr'>λ’.</span> <span class='ocrx_word' id='word_1_320' title='bbox 1390 2565 1461 2594; x_wconf 84' lang='grc'><strong>585.</strong></span> <span class='ocrx_word' id='word_1_321' title='bbox 1485 2562 1518 2592; x_wconf 85' lang='lat' dir='ltr'>in</span> <span class='ocrx_word' id='word_1_322' title='bbox 1541 2563 1625 2592; x_wconf 83' lang='lat' dir='ltr'>Ven.</span> 
     </span>
     <span class='ocr_line' id='line_1_39' title="bbox 135 2599 1628 2645; baseline 0.002 -14"><span class='ocrx_word' id='word_1_323' title='bbox 135 2599 239 2631; x_wconf 79' lang='lat' dir='ltr'>schol.</span> <span class='ocrx_word' id='word_1_324' title='bbox 257 2601 296 2630; x_wconf 85' lang='lat' dir='ltr'>ll.</span> <span class='ocrx_word' id='word_1_325' title='bbox 313 2601 410 2632; x_wconf 69' lang='lat' dir='ltr'>Cata).</span> <span class='ocrx_word' id='word_1_326' title='bbox 429 2605 498 2632; x_wconf 84' lang='lat'>104.</span> <span class='ocrx_word' id='word_1_327' title='bbox 519 2602 624 2642; x_wconf 84' lang='lat'>(597.)</span> <span class='ocrx_word' id='word_1_328' title='bbox 641 2602 772 2632; x_wconf 79' lang='lat' dir='ltr'>refertur</span> <span class='ocrx_word' id='word_1_329' title='bbox 786 2601 825 2633; x_wconf 80' lang='lat' dir='ltr'>ad</span> <span class='ocrx_word' id='word_1_330' title='bbox 851 2604 890 2633; x_wconf 67' lang='grc' dir='ltr'>τὰ</span> <span class='ocrx_word' id='word_1_331' title='bbox 916 2605 999 2635; x_wconf 72' lang='grc' dir='ltr'>κατὰ</span> <span class='ocrx_word' id='word_1_332' title='bbox 1023 2605 1074 2638; x_wconf 70' lang='grc' dir='ltr'>τὴν</span> <span class='ocrx_word' id='word_1_333' title='bbox 1095 2605 1215 2636; x_wconf 63' lang='grc' dir='ltr'>Νεκυίαν</span> <span class='ocrx_word' id='word_1_334' title='bbox 1241 2606 1414 2644; x_wconf 67' lang='grc' dir='ltr'>ᾖθετημένα,</span> <span class='ocrx_word' id='word_1_335' title='bbox 1438 2605 1556 2645; x_wconf 79' lang='lat' dir='ltr'>totique</span> <span class='ocrx_word' id='word_1_336' title='bbox 1581 2605 1628 2635; x_wconf 82' lang='lat' dir='ltr'>illi</span> 
     </span>
     <span class='ocr_line' id='line_1_40' title="bbox 135 2641 1628 2685; baseline 0.003 -12"><span class='ocrx_word' id='word_1_337' title='bbox 135 2641 206 2673; x_wconf 84' lang='lat' dir='ltr'>loco</span> <span class='ocrx_word' id='word_1_338' title='bbox 220 2642 259 2673; x_wconf 83' lang='lat' dir='ltr'>de</span> <span class='ocrx_word' id='word_1_339' title='bbox 273 2643 408 2674; x_wconf 78' lang='lat' dir='ltr'>Tantalo</span> <span class='ocrx_word' id='word_1_340' title='bbox 422 2643 613 2682; x_wconf 82' lang='lat' dir='ltr'>adscriptum</span> <span class='ocrx_word' id='word_1_341' title='bbox 630 2651 674 2675; x_wconf 79' lang='lat' dir='ltr'>est</span> <span class='ocrx_word' id='word_1_342' title='bbox 689 2645 720 2674; x_wconf 88' lang='lat' dir='ltr'>in</span> <span class='ocrx_word' id='word_1_343' title='bbox 736 2645 826 2675; x_wconf 88' lang='lat' dir='ltr'>codd.</span> <span class='ocrx_word' id='word_1_344' title='bbox 850 2645 1036 2685; x_wconf 86' lang='lat' dir='ltr'>quibusdam</span> <span class='ocrx_word' id='word_1_345' title='bbox 1063 2653 1304 2680; x_wconf 78' lang='grc' dir='ltr'><strong>ΝΟΘΕΤΕΤΑΙ.</strong></span> <span class='ocrx_word' id='word_1_346' title='bbox 1346 2648 1421 2680; x_wconf 89' lang='lat' dir='ltr'>Jam</span> <span class='ocrx_word' id='word_1_347' title='bbox 1446 2647 1566 2678; x_wconf 89' lang='lat' dir='ltr'>dudum</span> <span class='ocrx_word' id='word_1_348' title='bbox 1589 2658 1628 2678; x_wconf 85' lang='lat' dir='ltr'>ex</span> 
     </span>
     <span class='ocr_line' id='line_1_41' title="bbox 139 2684 1627 2733; baseline 0.003 -17"><span class='ocrx_word' id='word_1_349' title='bbox 139 2684 241 2716; x_wconf 79' lang='lat' dir='ltr'>Schol.</span> <span class='ocrx_word' id='word_1_350' title='bbox 256 2685 348 2716; x_wconf 88' lang='lat' dir='ltr'>Pind.</span> <span class='ocrx_word' id='word_1_351' title='bbox 362 2686 401 2716; x_wconf 86' lang='lat' dir='ltr'>ad</span> <span class='ocrx_word' id='word_1_352' title='bbox 427 2687 554 2726; x_wconf 88' lang='lat' dir='ltr'>Olymp.</span> <span class='ocrx_word' id='word_1_353' title='bbox 582 2687 607 2716; x_wconf 93' lang='grc' dir='ltr'>Ῑ.</span> <span class='ocrx_word' id='word_1_354' title='bbox 633 2691 682 2719; x_wconf 92' lang='grc'>97.</span> <span class='ocrx_word' id='word_1_355' title='bbox 706 2688 852 2724; x_wconf 75' lang='lat' dir='ltr'>constitit,</span> <span class='ocrx_word' id='word_1_356' title='bbox 876 2690 958 2719; x_wconf 69' lang='grc' dir='ltr'>κατὰ</span> <span class='ocrx_word' id='word_1_357' title='bbox 978 2691 1175 2733; x_wconf 58' lang='grc' dir='ltr'>Ἀρίσταρχον</span> <span class='ocrx_word' id='word_1_358' title='bbox 1198 2693 1269 2723; x_wconf 70' lang='lat' dir='ltr'>‚69oe</span> <span class='ocrx_word' id='word_1_359' title='bbox 1293 2692 1359 2723; x_wconf 70' lang='grc' dir='ltr'><strong><em>εἶναι</em></strong></span> <span class='ocrx_word' id='word_1_360' title='bbox 1380 2693 1420 2721; x_wconf 65' lang='grc' dir='ltr'>τὰ</span> <span class='ocrx_word' id='word_1_361' title='bbox 1444 2692 1500 2723; x_wconf 67' lang='grc' dir='ltr'>ἔτη</span> <span class='ocrx_word' id='word_1_362' title='bbox 1517 2692 1627 2721; x_wconf 65' lang='grc' dir='ltr'><strong>ταῦτα.</strong></span> 
     </span>
     <span class='ocr_line' id='line_1_42' title="bbox 140 2726 1630 2775; baseline 0.003 -17"><span class='ocrx_word' id='word_1_363' title='bbox 140 2726 194 2758; x_wconf 81' lang='lat' dir='ltr'>Ad</span> <span class='ocrx_word' id='word_1_364' title='bbox 211 2727 309 2758; x_wconf 75' lang='lat' dir='ltr'>Catal-</span> <span class='ocrx_word' id='word_1_365' title='bbox 323 2731 376 2760; x_wconf 79' lang='lat'>36.</span> <span class='ocrx_word' id='word_1_366' title='bbox 391 2730 497 2770; x_wconf 80' lang='lat'>(529.)</span> <span class='ocrx_word' id='word_1_367' title='bbox 515 2729 629 2770; x_wconf 85' lang='lat' dir='ltr'>legitur</span> <span class='ocrx_word' id='word_1_368' title='bbox 643 2730 725 2770; x_wconf 88' lang='lat' dir='ltr'>apud</span> <span class='ocrx_word' id='word_1_369' title='bbox 744 2731 944 2762; x_wconf 77' lang='lat' dir='ltr'>Eustathium</span> <span class='ocrx_word' id='word_1_370' title='bbox 960 2738 991 2762; x_wconf 87' lang='lat' dir='ltr'>et</span> <span class='ocrx_word' id='word_1_371' title='bbox 1009 2734 1042 2763; x_wconf 87' lang='lat' dir='ltr'>in</span> <span class='ocrx_word' id='word_1_372' title='bbox 1060 2734 1192 2764; x_wconf 85' lang='lat' dir='ltr'>Scholiis</span> <span class='ocrx_word' id='word_1_373' title='bbox 1201 2736 1268 2775; x_wconf 85' lang='lat' dir='ltr'>jam</span> <span class='ocrx_word' id='word_1_374' title='bbox 1284 2734 1359 2765; x_wconf 86' lang='lat' dir='ltr'>olim</span> <span class='ocrx_word' id='word_1_375' title='bbox 1377 2733 1475 2767; x_wconf 80' lang='lat' dir='ltr'>editis,</span> <span class='ocrx_word' id='word_1_376' title='bbox 1499 2735 1583 2763; x_wconf 90' lang='lat' dir='ltr'>hunc</span> <span class='ocrx_word' id='word_1_377' title='bbox 1598 2739 1630 2763; x_wconf 86' lang='lat' dir='ltr'>et</span> 
     </span>
     <span class='ocr_line' id='line_1_43' title="bbox 137 2768 1631 2811; baseline 0.003 -10"><span class='ocrx_word' id='word_1_378' title='bbox 137 2768 204 2801; x_wconf 87' lang='lat' dir='ltr'>duo</span> <span class='ocrx_word' id='word_1_379' title='bbox 217 2769 373 2809; x_wconf 79' lang='lat' dir='ltr'>proximos</span> <span class='ocrx_word' id='word_1_380' title='bbox 386 2781 490 2802; x_wconf 83' lang='lat' dir='ltr'>versus</span> <span class='ocrx_word' id='word_1_381' title='bbox 506 2773 672 2805; x_wconf 66' lang='grc' dir='ltr'>ἦθετῆσθαι</span> <span class='ocrx_word' id='word_1_382' title='bbox 687 2783 705 2803; x_wconf 87' lang='lat' dir='ltr'>a</span> <span class='ocrx_word' id='word_1_383' title='bbox 720 2773 897 2811; x_wconf 81' lang='lat' dir='ltr'>nonnullis3</span> <span class='ocrx_word' id='word_1_384' title='bbox 919 2774 954 2804; x_wconf 86' lang='lat' dir='ltr'>in</span> <span class='ocrx_word' id='word_1_385' title='bbox 978 2776 1115 2808; x_wconf 63' lang='grc' dir='ltr'>ἆθεφοῦσι</span> <span class='ocrx_word' id='word_1_386' title='bbox 1137 2778 1318 2807; x_wconf 82' lang='lat' dir='ltr'>nominatur</span> <span class='ocrx_word' id='word_1_387' title='bbox 1335 2775 1521 2806; x_wconf 79' lang='lat' dir='ltr'>Zenodotus.</span> <span class='ocrx_word' id='word_1_388' title='bbox 1568 2775 1631 2806; x_wconf 86' lang='lat' dir='ltr'>Sed</span> 
     </span>
     <span class='ocr_line' id='line_1_44' title="bbox 138 2811 1632 2859; baseline 0.004 -16"><span class='ocrx_word' id='word_1_389' title='bbox 138 2811 180 2843; x_wconf 66' lang='lat' dir='ltr'>ad</span> <span class='ocrx_word' id='word_1_390' title='bbox 197 2811 236 2842; x_wconf 89' lang='lat'>11.</span> <span class='ocrx_word' id='word_1_391' title='bbox 250 2812 277 2842; x_wconf 78' lang='grc' dir='ltr'>ι’.</span> <span class='ocrx_word' id='word_1_392' title='bbox 291 2815 363 2845; x_wconf 81' lang='lat'>395.</span> <span class='ocrx_word' id='word_1_393' title='bbox 385 2814 494 2844; x_wconf 86' lang='lat' dir='ltr'>eadem</span> <span class='ocrx_word' id='word_1_394' title='bbox 513 2815 625 2846; x_wconf 86' lang='lat' dir='ltr'>Scholl.</span> <span class='ocrx_word' id='word_1_395' title='bbox 650 2816 683 2845; x_wconf 90' lang='lat' dir='ltr'>in</span> <span class='ocrx_word' id='word_1_396' title='bbox 710 2825 776 2846; x_wconf 89' lang='lat' dir='ltr'>uno</span> <span class='ocrx_word' id='word_1_397' title='bbox 797 2815 924 2847; x_wconf 83' lang='lat' dir='ltr'>illorum</span> <span class='ocrx_word' id='word_1_398' title='bbox 948 2828 1095 2849; x_wconf 84' lang='lat' dir='ltr'>versuum</span> <span class='ocrx_word' id='word_1_399' title='bbox 1118 2819 1210 2859; x_wconf 82' lang='lat' dir='ltr'>plane</span> <span class='ocrx_word' id='word_1_400' title='bbox 1234 2820 1310 2850; x_wconf 85' lang='lat' dir='ltr'>dant</span> <span class='ocrx_word' id='word_1_401' title='bbox 1333 2825 1493 2849; x_wconf 81' lang='lat' dir='ltr'>auctorem</span> <span class='ocrx_word' id='word_1_402' title='bbox 1517 2818 1632 2849; x_wconf 83' lang='lat' dir='ltr'>criseos</span> 
     </span>
     <span class='ocr_line' id='line_1_45' title="bbox 138 2854 1633 2903; baseline 0.005 -19"><span class='ocrx_word' id='word_1_403' title='bbox 138 2854 364 2892; x_wconf 75' lang='lat' dir='ltr'>Aristarchum,</span> <span class='ocrx_word' id='word_1_404' title='bbox 388 2857 475 2897; x_wconf 84' lang='lat' dir='ltr'>quasi</span> <span class='ocrx_word' id='word_1_405' title='bbox 491 2859 770 2900; x_wconf 65' lang='grc' dir='ltr'>παρακολουθοῦντα</span> <span class='ocrx_word' id='word_1_406' title='bbox 788 2858 945 2903; x_wconf 71' lang='grc' dir='ltr'><strong><em>Θουκυδίδῃ</em></strong></span> <span class='ocrx_word' id='word_1_407' title='bbox 960 2860 1004 2902; x_wconf 92' lang='grc' dir='ltr'>(Ι.</span> <span class='ocrx_word' id='word_1_408' title='bbox 1018 2862 1074 2902; x_wconf 80' lang='grc'><strong>3.).</strong></span> <span class='ocrx_word' id='word_1_409' title='bbox 1120 2863 1214 2893; x_wconf 91' lang='lat' dir='ltr'>Nunc</span> <span class='ocrx_word' id='word_1_410' title='bbox 1229 2862 1324 2893; x_wconf 80' lang='lat' dir='ltr'>etiam</span> <span class='ocrx_word' id='word_1_411' title='bbox 1341 2861 1548 2892; x_wconf 81' lang='lat' dir='ltr'>necessarium</span> <span class='ocrx_word' id='word_1_412' title='bbox 1565 2871 1633 2891; x_wconf 81' lang='lat' dir='ltr'>ver-</span> 
     </span>
     <span class='ocr_line' id='line_1_46' title="bbox 136 2897 1631 2947; baseline 0.005 -19"><span class='ocrx_word' id='word_1_413' title='bbox 136 2906 211 2929; x_wconf 68' lang='lat' dir='ltr'>sum</span> <span class='ocrx_word' id='word_1_414' title='bbox 229 2897 340 2939; x_wconf 81' lang='lat' dir='ltr'>Odyss.</span> <span class='ocrx_word' id='word_1_415' title='bbox 362 2898 400 2931; x_wconf 73' lang='grc' dir='ltr'>α’.</span> <span class='ocrx_word' id='word_1_416' title='bbox 415 2903 487 2932; x_wconf 76' lang='lat'>544.</span> <span class='ocrx_word' id='word_1_417' title='bbox 502 2901 541 2932; x_wconf 84' lang='lat' dir='ltr'>ab</span> <span class='ocrx_word' id='word_1_418' title='bbox 556 2901 612 2932; x_wconf 81' lang='lat' dir='ltr'>illo</span> <span class='ocrx_word' id='word_1_419' title='bbox 626 2907 770 2933; x_wconf 79' lang='lat' dir='ltr'>notatum</span> <span class='ocrx_word' id='word_1_420' title='bbox 794 2901 947 2944; x_wconf 76' lang='lat' dir='ltr'>legimu53</span> <span class='ocrx_word' id='word_1_421' title='bbox 967 2903 1166 2947; x_wconf 80' lang='lat' dir='ltr'>addendique</span> <span class='ocrx_word' id='word_1_422' title='bbox 1187 2911 1261 2937; x_wconf 83' lang='lat' dir='ltr'>sunt</span> <span class='ocrx_word' id='word_1_423' title='bbox 1281 2904 1368 2936; x_wconf 83' lang='lat' dir='ltr'>haud</span> <span class='ocrx_word' id='word_1_424' title='bbox 1391 2903 1488 2936; x_wconf 83' lang='lat' dir='ltr'>dubie</span> <span class='ocrx_word' id='word_1_425' title='bbox 1511 2903 1545 2936; x_wconf 75' lang='grc' dir='ltr'>δ’.</span> <span class='ocrx_word' id='word_1_426' title='bbox 1559 2907 1631 2936; x_wconf 79' lang='grc'><strong>726.</strong></span> 
     </span>
    </p>
   </div>
  </div>
 </body>
</html>
