1856 3235
605 191 1163 240 PROLEGOMENA.
1396 251 1403 258 .
1563 198 1653 243 173

162 327 476 376 vehementer
500 322 695 381 dubito;
736 321 954 369 Homero
990 329 1152 369 autem
1176 321 1405 368 usitatum
1429 337 1528 369 non
1553 339 1655 371 esse

163 394 320 441 video.
409 390 582 451 Neque
622 388 712 434 hac
752 404 848 435 una
893 387 1149 435 insolentia
1187 386 1402 433 laborare
1443 404 1655 446 versum,

161 457 371 506 numeris
395 463 596 502 assuetae
626 470 763 501 aures
805 454 1000 501 docent.
1073 453 1149 498 Ex
1182 451 1274 498 alio
1305 468 1484 515 genere
1525 453 1656 501 falsae

162 523 395 585 analogiae
439 519 594 567 forma
651 527 753 567 erat
793 518 834 566 ν’.
880 527 1008 575 485.,
1074 518 1188 564 hinc
1240 518 1292 563 in
1339 517 1524 565 indices
1560 519 1659 566 dia-

159 589 395 636 lectorum
419 586 586 642 relata,
622 586 906 648 γεγενοιζωεῦα.
976 584 1097 641 Nos,
1134 592 1184 630 et
1227 600 1317 630 usu
1341 590 1392 630 et
1415 585 1658 632 sententia

158 661 408 717 poscente,
445 668 505 699 ex
528 651 745 714 pluribus
770 651 912 698 codd.
939 650 1160 698 dedimus
1183 668 1231 709 ’γε
1250 649 1488 712 γενοίμεθα.
1559 650 1657 697 Sci-

154 719 270 766 licet
294 718 487 765 codices
515 719 653 765 nobis
682 716 998 780 exspectandi
1039 724 1176 763 erant
1214 714 1395 778 majore
1435 731 1657 775 numero,

157 791 213 832 ut
252 781 570 847 ineptissimas
610 783 866 846 scripturas
908 790 959 829 et
997 782 1205 829 maxime
1240 781 1476 844 proclives
1499 781 1658 844 lapsus

157 849 503 897 nonnullorum
527 848 829 896 librariorum
865 849 1232 911 corrigeremus,
1268 855 1322 894 ut
1346 845 1405 893 π’.
1429 854 1540 894 380.
1580 846 1659 894 ἀνεὲ

157 916 209 962 in
233 916 332 980 ἄρα,
367 913 420 961 σ’.
446 922 556 961 405.
596 916 688 961 ἔσαν
711 915 760 961 in
785 919 891 971 ἴσαν,
927 913 976 960 v'.
1001 922 1112 960 409.
1149 916 1254 961 πᾶσι
1277 913 1329 959 in
1352 912 1475 960 παισὶ
1505 922 1659 960 muta-

156 998 332 1029 remus.
404 980 553 1028 Adde
577 980 650 1026 his
685 979 961 1027 facillimam
987 988 1036 1028 et
1058 979 1157 1027 late
1179 986 1431 1044 patentem
1450 978 1660 1027 confusi-

159 1063 303 1095 onem
326 1046 601 1104 modorum,
636 1046 686 1092 in
710 1046 873 1109 primis
897 1045 1191 1109 subjunctivi
1216 1054 1267 1094 et
1290 1045 1510 1109 optativi,
1542 1062 1660 1109 quo-

158 1129 264 1160 rum
304 1112 577 1177 legitimum
621 1112 876 1160 discrimen
922 1112 1011 1175 ipsi
1053 1111 1267 1160 Graeculi
1306 1120 1663 1175 postremorum

158 1178 444 1226 saeculorum
480 1195 649 1241 parum
695 1186 828 1226 recte
869 1187 1150 1225 tenuerunt.
1243 1178 1426 1225 Notavi
1462 1178 1660 1241 quidem

157 1244 275 1292 mihi
311 1245 374 1291 ad
413 1244 692 1308 quindecim
719 1244 940 1307 exempla
962 1244 1104 1308 hujus
1137 1243 1451 1301 confusionis,
1487 1244 1664 1307 quibus

158 1309 220 1358 ad
243 1310 462 1374 regulam
487 1310 786 1374 corrigendis
811 1319 862 1358 et
886 1317 1092 1359 metrtun
1130 1318 1180 1358 et
1218 1310 1327 1358 libri
1368 1326 1536 1358 omnes
1577 1311 1661 1359 ob-

161 1385 314 1424 stent:
353 1384 403 1423 at
425 1376 476 1422 in
500 1374 647 1440 longe
682 1375 899 1439 plurimis
934 1392 1034 1423 non
1076 1385 1149 1424 est
1182 1376 1401 1434 dubium,
1436 1376 1554 1439 quin
1578 1393 1660 1423 an-

159 1443 391 1506 tiquiores
436 1442 542 1489 libri
589 1459 700 1489 cum
740 1442 1066 1506 grammaticis
1113 1451 1163 1490 et
1213 1442 1427 1490 metricis
1478 1442 1659 1505 regulis

159 1516 486 1571 congruentes
512 1508 747 1570 sequendi
772 1508 882 1555 sint.
954 1507 1133 1555 Saltem
1170 1508 1237 1565 id,
1275 1508 1406 1571 quod
1429 1507 1580 1571 vulgo
1604 1507 1660 1556 fit

157 1573 432 1637 saepissime‚
480 1581 536 1620 ut
576 1574 926 1636 consequentia
961 1574 1219 1621 modorum
1259 1574 1569 1637 perturbetur
1608 1575 1661 1622 in

147 1638 380 1703 junctura
403 1639 660 1702 aequalium
686 1640 1031 1697 membrorum,
1065 1639 1144 1687 vel
1181 1646 1236 1687 ut
1258 1638 1506 1703 particulae
1530 1641 1580 1686 ὀὲν
1621 1657 1657 1688 s.

155 1724 201 1752 κε
228 1705 435 1752 addatur
457 1705 749 1753 indicativus
773 1706 973 1753 instanti
1006 1713 1244 1769 tempore,
1279 1722 1424 1754 nemo
1464 1706 1554 1752 nisi
1587 1706 1658 1753 in-

158 1771 330 1818 doctus
353 1779 674 1835 propagatum
697 1771 833 1829 velit,
864 1772 1130 1835 praesertim
1154 1772 1205 1819 in
1229 1780 1382 1831 tanta,
1407 1788 1516 1837 quae
1539 1771 1659 1820 mul-

157 1836 217 1884 tis
240 1853 328 1901 pro
350 1838 536 1885 ratione
562 1846 652 1895 est,
688 1839 910 1887 mutandi
933 1837 1183 1887 facilitate.

861 2037 955 2085 XI.

225 2166 394 2231 Atque
416 2168 521 2216 haec
546 2185 606 2216 ex
631 2184 810 2233 magno
834 2184 1038 2217 numero
1063 2185 1163 2217 non
1187 2168 1400 2218 studiose
1429 2176 1658 2233 excerpta

158 2233 422 2297 specimina
460 2234 670 2299 vulgaris
706 2242 869 2283 textus
911 2236 1176 2294 emendati,
1212 2244 1262 2284 et
1303 2252 1411 2299 quae
1452 2251 1551 2283 non
1587 2236 1658 2283 in-

159 2299 377 2362 genium,
413 2300 499 2347 sed
521 2300 742 2349 meliores
766 2301 873 2349 libri
898 2304 1242 2367 suggerebant,
1278 2302 1430 2349 cuivis
1465 2318 1659 2366 persua-

159 2364 325 2422 deant,
349 2365 620 2429 purioribus
643 2367 858 2415 fontibus
882 2368 1118 2416 adeundis
1142 2384 1304 2416 veram
1328 2367 1532 2416 formam
1557 2367 1659 2415 Ho-

157 2431 349 2478 mericae
395 2431 641 2495 scripturae
677 2435 891 2481 revocari
944 2435 1188 2499 hodieque
1232 2451 1387 2499 posse.
1480 2435 1657 2497 Neque

158 2495 283 2544 hanc
307 2514 441 2560 spem
467 2498 607 2562 eripit
630 2500 769 2546 nobis
792 2499 1060 2564 longinqua
1083 2502 1205 2549 vatis
1227 2508 1459 2549 vetustas.
1528 2501 1657 2548 Nam

160 2559 279 2610 falsa
304 2570 377 2610 est
402 2580 568 2611 eorum
593 2565 775 2629 opinio,
811 2567 893 2630 qui
926 2567 1027 2614 sola
1049 2567 1407 2632 longinquitate
1427 2566 1659 2630 temporis

159 2627 238 2674 vel
262 2629 498 2677 universae
539 2630 750 2679 historiae
799 2631 942 2680 fidem
987 2632 1203 2696 infringi,
1252 2632 1331 2681 vel
1369 2634 1656 2697 scriptorum

162 2696 404 2758 corrumpi
429 2696 778 2760 integritatem,
816 2706 882 2756 et,
919 2706 975 2746 ut
1003 2699 1216 2763 quidque
1254 2699 1512 2747 novissime
1552 2713 1657 2761 ges·

162 2765 267 2806 tum
291 2761 352 2808 sit
374 2770 458 2810 aut
498 2764 748 2827 scriptum,
784 2764 853 2811 ita
892 2765 1191 2813 verissimum
1234 2766 1539 2827 maximeque
1575 2778 1658 2826 ge-

162 2825 367 2898 nuinum
390 2828 667 2877 habendum
692 2838 884 2894 putant.
955 2832 1035 2880 De
1060 2833 1202 2880 rebus
1225 2832 1373 2896 gestis
1415 2831 1575 2877 dicere
1614 2844 1662 2875 o-

165 2898 329 2940 mltto:
368 2901 557 2959 tempus
578 2913 637 2945 ac
663 2897 764 2945 dies
789 2897 970 2962 optime
996 2897 1206 2947 dedocet
1246 2895 1470 2946 credulos
1509 2895 1569 2943 de
1606 2894 1660 2942 iis
