1856 3235
192 229 287 268 244
645 217 1133 267 PROLEGOMEN
1143 217 1200 264 A.

274 349 370 397 Sed
425 349 700 412 priusquam
738 350 941 397 alterum
985 349 1191 411 spatium
1231 346 1493 409 ingredior,
1540 347 1687 394 velim

207 432 295 480 pro
323 431 374 462 se
414 414 614 478 quisque
650 414 812 461 animo
854 413 1052 476 colligat
1091 413 1267 468 omnia,
1304 427 1412 475 quae
1449 410 1687 459 hactenus

211 480 468 545 explicavi,
488 479 754 527 retexendo
777 478 857 524 ffla
879 477 1249 541 argumentandi
1273 493 1399 540 saepe
1423 476 1687 533 subtiliora,
1747 481 1751 486 '

211 555 268 595 ut
291 553 530 610 appareat,
568 545 684 608 quid
708 543 911 606 singulae
934 543 1157 598 rationes,
1193 543 1310 605 quid
1342 542 1580 590 universae
1612 558 1691 590 va-

211 613 359 660 leant.
428 610 534 658 Etsi
558 610 686 657 enim
709 609 759 655 in
776 607 963 671 junctis
988 615 1038 655 et
1072 607 1207 670 quasi
1248 607 1547 670 conglobatis
1585 624 1692 671 pro-

211 677 432 727 babilitas
456 683 543 732 est,
574 675 700 724 sicut
721 674 773 720 in
788 673 976 737 junctis
999 673 1224 720 membris
1249 673 1462 735 corporis
1483 672 1695 737 pulchri-

212 743 352 799 tudo,
388 750 550 789 tamen
575 739 764 803 singula
787 746 1033 787 momenta
1067 754 1152 802 per
1175 755 1226 786 se
1251 745 1444 801 oportet
1467 755 1572 786 eam
1595 738 1694 785 vim

214 809 406 864 habere,
442 814 500 854 ut
522 805 702 869 aliquid
727 804 909 852 addant
930 803 1072 851 lanci.
1142 803 1190 851 Si
1221 803 1272 850 in
1309 803 1554 850 nonnullis
1588 803 1697 866 plus

214 874 363 923 tribui
385 870 805 926 verisimilitudini,
827 886 970 933 quam
994 885 1161 917 severa
1182 868 1264 917 lex
1286 868 1499 916 historiae
1522 869 1695 932 poscit,

216 956 316 987 non
338 938 390 986 id
426 954 534 985 mea
573 936 717 999 culpa
754 934 939 983 factum
980 942 1066 991 est,
1105 935 1189 982 sed
1234 934 1438 998 penuria
1480 934 1695 990 testium,

216 1020 423 1069 quorum
446 1020 509 1051 ne
548 1010 739 1050 tantum
775 1000 969 1064 quidem
1008 1016 1264 1047 numerum
1307 1007 1613 1063 exspectares
1647 1000 1698 1047 in

215 1079 314 1118 tam
339 1068 549 1132 antiquis
572 1075 623 1114 et
646 1066 843 1114 occulto
868 1065 1199 1114 crescentibus
1230 1066 1396 1114 rebus:
1433 1073 1565 1112 certe
1607 1082 1700 1128 ego

216 1135 406 1182 nullum
427 1134 592 1180 locum
616 1131 793 1180 veteris
817 1131 1025 1178 auctoris
1050 1131 1207 1179 sciens
1244 1131 1426 1179 detorsi
1465 1131 1516 1177 in
1555 1130 1698 1177 aliam

218 1198 524 1254 sententiam,
563 1213 705 1260 quam
730 1213 837 1260 quae
859 1213 976 1243 vera
1000 1204 1050 1244 et
1072 1197 1287 1260 genuina
1313 1196 1561 1243 videretur
1597 1196 1700 1243 sine

216 1264 319 1313 ullo
354 1270 580 1327 respectu
603 1261 746 1326 hujus
770 1261 1063 1325 quaestionis.
1135 1261 1296 1317 Quam
1332 1278 1433 1309 rem
1456 1259 1601 1308 facile
1623 1277 1703 1309 me

218 1331 535 1396 probaturum
580 1345 720 1392 spero
757 1327 912 1375 doctis
952 1327 1193 1383 omnibus,
1232 1326 1378 1375 etiam
1417 1326 1490 1383 iis,
1528 1326 1704 1390 quibus

217 1396 393 1444 ductas
418 1411 480 1443 ex
501 1393 594 1441 illis
618 1393 737 1442 locis
761 1393 1154 1441 ratiocinationes
1185 1409 1285 1440 non
1318 1392 1549 1456 probabo,
1587 1408 1707 1456 prae-

221 1462 386 1510 sertim
409 1468 703 1525 postremam
726 1459 867 1515 hanc,
905 1476 1000 1522 qua
1037 1458 1241 1515 artificii,
1277 1457 1410 1522 quod
1448 1465 1705 1522 tantopere

221 1527 536 1583 admirantur,
572 1525 775 1590 gloriam
815 1525 1034 1573 Homero
1069 1541 1131 1572 ex
1161 1531 1300 1587 parte
1339 1522 1529 1571 auferre
1563 1539 1707 1570 ausus

219 1609 344 1642 sum.
416 1592 531 1639 Hoc
572 1591 799 1639 nimirum
839 1591 1092 1655 perpaucis
1134 1591 1226 1637 erit
1263 1589 1508 1646 credibile,
1543 1587 1708 1637 forsan

223 1675 286 1707 ne
325 1666 432 1706 tum
458 1656 670 1720 quidem,
707 1673 857 1721 quum
894 1665 1292 1719 argumentorum
1333 1655 1550 1702 omnium
1588 1671 1709 1718 pon-

223 1724 340 1772 dere
363 1724 641 1771 obruentur.
711 1723 771 1769 In
794 1722 867 1770 his
891 1723 1019 1770 enim
1044 1738 1170 1785 opus
1187 1729 1262 1768 est
1299 1737 1443 1768 sensu
1483 1720 1710 1784 quodam,

223 1805 369 1853 quem
391 1788 473 1835 illa
495 1805 594 1836 non
618 1788 839 1836 afferunt.
911 1787 1039 1834 Mihi
1062 1803 1192 1843 vero,
1215 1787 1315 1834 sive
1336 1786 1550 1849 ipsorum
1576 1786 1714 1833 Grae-

224 1871 392 1904 corum
416 1854 516 1902 sive
541 1853 742 1902 aliarum
764 1853 987 1918 gentium
1023 1868 1304 1916 progressus
1339 1851 1548 1907 intueor,
1585 1851 1710 1899 illud

223 1920 423 1968 minime
462 1919 694 1968 credibile
730 1919 938 1975 videtur,
994 1919 1127 1982 quod
1163 1918 1362 1966 credere
1398 1917 1709 1974 assuevimus,

224 1986 332 2034 haec
356 1985 470 2033 talia
494 1985 592 2033 duo
616 2002 761 2049 opera
782 1984 927 2032 unius
949 1984 1134 2048 ingenii
1162 1991 1365 2048 repente
1402 1999 1462 2031 ex
1498 1982 1713 2030 tenebris

226 2051 566 2116 splendescere
603 2060 653 2099 et
692 2052 852 2098 nitore
886 2050 1097 2114 partium
1134 2057 1185 2098 et
1219 2048 1385 2097 multis
1424 2049 1710 2113 magnisque

226 2117 487 2165 virtutibus
511 2133 713 2165 summae
729 2124 995 2181 perpetuae.

227 2262 260 2287 ta
273 2255 456 2297 gravissima
469 2256 634 2288 obliterata
646 2267 711 2287 esse
725 2254 866 2286 stabilitis
879 2255 1042 2286 sententiis
1055 2260 1150 2295 atque
1164 2254 1296 2285 decretis
1310 2253 1438 2285 illorum
1454 2253 1648 2289 saeculorum,
1670 2262 1709 2284 ex

227 2299 342 2340 quibus
356 2299 420 2329 fere
437 2305 541 2330 nostra
557 2299 682 2330 Scholia
696 2300 857 2330 habemus.
905 2298 1001 2337 Apud
1018 2299 1170 2329 Senecam
1184 2297 1224 2328 de
1241 2298 1333 2328 Brev.
1352 2296 1422 2327 vitae
1438 2306 1464 2327 c.
1490 2300 1539 2327 15.
1559 2296 1594 2327 in
1608 2305 1708 2337 quaes-

227 2341 366 2373 tionibus
382 2343 566 2373 Graecorum
578 2341 750 2377 inutilibus,
772 2341 813 2372 ad
826 2340 993 2371 vivendum
1009 2340 1125 2372 scilicet
1139 2341 1236 2376 beate,
1260 2341 1341 2371 hanc
1355 2350 1479 2381 quoque
1497 2339 1564 2379 jam
1586 2338 1710 2370 dudum

227 2384 416 2426 legebamus
433 2386 620 2426 Ejusdemnc
633 2386 767 2416 auctoris
780 2391 877 2416 essent
889 2385 971 2415 Ilias
981 2391 1009 2415 et
1027 2385 1169 2425 odyssea.
1214 2383 1324 2424 Hujus
1333 2382 1511 2424 quaestionis
1525 2391 1626 2421 nuper
1639 2382 1713 2413 nul-

229 2428 298 2459 lum
313 2438 446 2469 usquam
462 2428 627 2468 vestigium
642 2434 707 2458 erat
720 2427 816 2458 aliud.
864 2426 925 2458 Sed
939 2427 1024 2459 ecce!
1043 2438 1126 2458 nunc
1142 2426 1232 2467 plura
1243 2432 1392 2466 apparent
1402 2425 1435 2455 in
1447 2424 1710 2465 praestantissimis

230 2471 364 2502 Scholiis
378 2471 460 2501 Ven.
472 2471 588 2502 codicis
603 2472 653 2506 A„
664 2471 717 2502 ubi
733 2481 781 2501 res
795 2476 1059 2501 commemoratur
1073 2476 1109 2501 ut
1119 2469 1218 2501 doctis
1232 2469 1402 2505 notissima,
1415 2469 1599 2508 proprioque
1610 2468 1715 2499 nomi-

228 2524 271 2545 ne
284 2513 462 2545 refutantur
476 2513 639 2554 aliquoties
653 2515 678 2545 οἱ
691 2515 874 2558 χωρίζοντες,
894 2515 915 2545 i.
939 2524 965 2544 e.
988 2513 1048 2553 ipsi
1062 2513 1120 2552 illi,
1142 2513 1197 2554 qui
1218 2514 1375 2553 negabant
1398 2511 1534 2542 eundem
1550 2510 1714 2552 utriusque

231 2556 390 2588 Carminis
404 2562 562 2588 auctorem
579 2567 651 2587 esse.
698 2558 778 2587 Vide
801 2557 840 2587 ad
865 2558 901 2594 β’.
918 2560 991 2590 556.
1015 2556 1113 2587 Catal.
1132 2559 1203 2587 156.
1224 2553 1256 2585 δ’.
1271 2558 1342 2586 554.
1355 2554 1390 2585 κ’.
1408 2557 1476 2585 476.
1491 2553 1530 2585 λ’.
1549 2556 1618 2584 147.
1639 2557 1712 2586 691.

228 2599 273 2640 μ’.
291 2603 341 2631 96.
359 2599 388 2631 γ’.
402 2603 477 2631 365.
494 2600 535 2631 π’.
553 2603 623 2630 747.
639 2599 678 2640 φ’.
695 2603 767 2630 416.
784 2604 855 2631 550.
877 2603 991 2641 quibus
1007 2599 1143 2630 versibus
1157 2597 1241 2638 diple
1255 2608 1333 2637 pura
1354 2596 1495 2636 apposita
1521 2602 1567 2627 est
1586 2603 1715 2636 propter

230 2642 295 2677 σοὺς
316 2643 509 2686 χωρίζοντας,
532 2652 595 2677 seu,
619 2649 655 2673 ut
668 2643 702 2672 in
718 2643 907 2683 Fragmento
921 2645 960 2676 de
976 2643 1057 2673 notis
1072 2641 1185 2672 criticis
1205 2641 1327 2681 legitur,
1351 2641 1419 2683 ηδε
1436 2640 1499 2674 τοὺς
1515 2640 1657 2680 λέγοντας
1671 2640 1715 2679 μὴ

232 2684 297 2716 εἶναι
313 2686 363 2716 τοῦ
377 2686 467 2717 abaron?
481 2686 599 2719 ποιητοῦ
611 2684 724 2716 Ἰλιάδα
738 2687 789 2715 καὶ
805 2685 972 2719 Ὀδύσσειαν.
1017 2685 1094 2715 Illos
1116 2690 1222 2715 autem
1245 2683 1360 2723 priores
1385 2682 1483 2713 fuisse
1498 2682 1713 2719 celeberrimis,

231 2727 346 2758 scholis
362 2728 656 2763 Grammaticorum.
680 2738 717 2758 ex
732 2728 841 2758 multis
854 2729 979 2761 indiciis
1000 2727 1122 2769 colligo.
1168 2727 1274 2762 Quare
1295 2724 1468 2757 videndum
1491 2731 1546 2762 est,
1568 2735 1609 2756 ne
1633 2725 1714 2756 forte

230 2771 370 2809 primurn
396 2771 561 2812 vestigium
587 2771 673 2801 illius
698 2771 883 2810 suspicionis
908 2773 1001 2803 lateat
1023 2772 1056 2801 in
1079 2769 1225 2802 mutilato
1249 2769 1319 2800 loco
1335 2768 1418 2799 Vitae
1434 2768 1577 2804 Homeri,
1601 2778 1682 2809 quae·
1693 2778 1713 2798 a

229 2813 407 2854 Tychsenio
421 2814 593 2845 accuratius
607 2824 703 2855 quam
717 2820 809 2844 antea
824 2815 906 2846 edita
920 2822 966 2847 est
979 2815 1013 2845 in
1027 2813 1173 2854 Append.
1189 2813 1276 2843 Fasc.
1293 2812 1319 2842 1.
1333 2812 1414 2843 Bibl.
1429 2812 1587 2853 Goetting.
1603 2821 1632 2852 p.
1646 2813 1713 2843 ·11.·.

231 2857 364 2901 Γέγραφε
380 2857 500 2894 ποιήσεις
514 2856 572 2897 δύο,
593 2856 708 2890 Ἰλιάδα
722 2858 775 2889 καὶ
791 2855 960 2892 Ὀδύσσειαν*
978 2858 1070 2891 Ξένων
1085 2857 1136 2890 καὶ
1147 2856 1320 2891 Ἑλλάνικος
1336 2856 1497 2900 ἀφαιροῦσιν
1511 2855 1612 2886 αὖε-οῦ.
