1856 3235
203 240 208 245 -
265 218 377 261 306‘
775 207 1333 260 PROLEGOMENA.

265 342 623 407 simplicitatem
677 343 943 407 priscorum
1000 350 1288 404 temporum,
1336 355 1435 387 non
1496 340 1558 388 ad
1601 357 1749 391 novas

266 409 518 473 opiniones
541 416 724 456 temere
748 408 941 463 affictas,
963 406 1268 469 interpretari
1303 405 1603 463 instituisset,
1637 408 1750 456 Cra-

266 482 340 522 tes
366 474 556 522 Stoicus
579 474 743 537 gloriae
766 474 888 520 vatis
912 472 1037 518 male
1080 470 1266 518 consuli
1301 470 1505 533 putavit,
1531 472 1623 519 nisi
1657 473 1749 536 ipsi

273 539 569 602 multiplices
613 546 739 586 artes
781 539 1101 600 Pergamenas
1135 535 1370 591 allineret,
1410 552 1617 599 eumque
1640 553 1752 585 con-

264 611 480 653 verteret
516 605 567 651 in
619 602 981 666 Philosophum,
1030 599 1453 657 Mathematicum,
1513 603 1750 650 Astrono-

265 687 414 726 mum,
442 669 809 733 Geographum‚
837 675 886 714 et
911 665 1100 730 quidvis
1134 664 1298 728 potius
1325 682 1469 728 quam
1493 667 1626 730 quod
1647 668 1751 732 ipse

267 752 370 784 esse
409 735 645 783 voluerat.
716 733 852 780 Illius
897 731 1090 796 generis
1115 737 1230 778 sunt
1266 730 1511 794 pleraque,
1537 749 1646 796 quae
1692 750 1755 782 ex

269 800 640 849 Commentariis
666 798 769 862 ejus
788 806 1020 861 excerpta
1041 796 1272 860 leguntur
1295 796 1425 859 apud
1448 796 1748 856 Strabonem,

267 865 537 914 Geminum
562 873 612 913 et
652 864 1026 919 Grammaticos,
1054 862 1115 909 de
1141 861 1410 909 Homerico
1445 861 1663 920 Oceano,
1689 864 1752 912 de

268 931 430 980 Arcto
465 947 565 979 non
590 930 870 987 occidente,
896 929 958 977 de
987 927 1304 990 AEthiopibus
1326 927 1547 975 bifariam
1573 929 1749 985 divisis,

267 997 330 1045 de
368 997 590 1045 Gadibus
627 1013 656 1044 a
695 994 928 1044 Menelao
969 993 1407 1056 circumnavigatis,
1447 993 1509 1041 de
1546 994 1755 1058 Laestry-

265 1063 475 1126 gonibus
500 1063 588 1110 sub
613 1062 826 1109 dracone
849 1058 1197 1115 habitantibus,
1226 1058 1287 1104 de
1308 1058 1544 1114 Eremnis,
1570 1060 1754 1122 populo

267 1127 440 1184 Indiae,
467 1127 529 1174 de
552 1124 955 1187 interpretatione
991 1122 1131 1176 νυκτὸς
1153 1126 1303 1180 ῧοῆςη
1361 1131 1466 1170 tum
1490 1124 1662 1172 similia
1684 1125 1756 1172 in-

267 1200 383 1256 epta
420 1192 480 1239 de
522 1189 763 1253 allegoriis
804 1187 1076 1235 fabularum
1117 1188 1178 1234 de
1221 1187 1459 1248 Apolline
1494 1189 1667 1236 eodem
1697 1206 1755 1237 ac

268 1256 396 1312 Sole,
424 1256 484 1303 de
509 1255 752 1311 Vulcano,
796 1252 1118 1317 experimenti
1141 1252 1329 1315 physici
1354 1268 1498 1300 causa
1518 1254 1570 1300 in
1612 1254 1756 1303 Lem-

266 1339 387 1370 num
401 1320 721 1385 praecipitato,
740 1319 801 1367 de
822 1318 1028 1366 cultiore
1046 1317 1182 1364 victu
1207 1317 1410 1364 heroum
1452 1326 1548 1366 etc.
1573 1321 1592 1346 b
1674 1320 1755 1368 De

265 1389 440 1452 quibus
474 1387 618 1434 rebus
655 1385 878 1432 omnibus
902 1384 942 1430 si
978 1399 1077 1429 non
1100 1381 1300 1429 meliora
1336 1383 1507 1431 docuit
1528 1384 1601 1440 iis,
1645 1401 1755 1449 quae

265 1454 319 1500 in
334 1453 552 1517 margine
572 1449 962 1504 commonstravi‚
985 1464 1064 1495 eas
1079 1464 1154 1494 res
1174 1447 1456 1496 edocendos
1472 1465 1558 1497 nos
1578 1450 1755 1499 Vossio

265 1527 433 1566 nostro
456 1517 721 1573 tradamus,
769 1515 1047 1563 Crateteam
1080 1513 1365 1576 sapientiam
1389 1530 1489 1562 non
1513 1515 1756 1564 desidere-

265 1601 388 1632 mus.
458 1583 636 1647 Neque
659 1597 777 1629 vero
802 1596 913 1627 eum
937 1578 1118 1626 rectius
1142 1587 1385 1626 versatum
1411 1596 1513 1628 esse
1536 1581 1682 1629 video
1703 1583 1755 1630 in

266 1648 584 1713 grammatica
630 1645 970 1710 explica-tione,
1035 1643 1316 1706 ubicunque
1363 1645 1643 1694 dissentiret
1696 1649 1755 1695 ab

269 1713 574 1771 Aristarcho,
613 1712 666 1760 id
690 1711 822 1775 quod
843 1710 990 1773 longe
1015 1709 1187 1772 saepius
1220 1708 1405 1757 factum
1440 1719 1578 1774 puto,
1614 1729 1757 1776 quam

267 1787 494 1827 notatum
530 1778 770 1842 reperitur
788 1786 820 1823 ⁶.
892 1775 1183 1838 Quanquam
1205 1773 1300 1822 hoc
1329 1775 1378 1821 in
1419 1793 1600 1839 genere
1637 1795 1756 1826 non-

268 1845 392 1893 nihil
432 1852 520 1902 est,
548 1843 680 1908 quod
717 1849 970 1906 receptum
994 1840 1237 1903 hodieque
1276 1840 1456 1904 placet,
1485 1850 1536 1889 et
1573 1845 1631 1891 ab
1675 1862 1758 1910 op-

311 1987 331 2006 a
354 1975 436 2007 Vide
453 1976 554 2007 Strab.
573 1976 600 2006 1.
615 1986 645 2015 p.
660 1979 690 2006 5.
715 1975 774 2015 (7.)
797 1973 866 2004 coll.
883 1972 1031 2011 Apollon.
1047 1971 1123 2002 Lex.
1138 1982 1165 2001 v.
1180 1972 1306 2014 ἄμμορον
1327 1981 1400 2003 cum
1420 1973 1497 2004 Exc.
1517 1973 1622 2012 Tollii,
1648 1978 1759 2018 (quem

267 2023 376 2049 tamen
392 2025 423 2050 et
437 2018 616 2049 emendatio
630 2016 799 2048 commenti
818 2015 952 2047 Cratetei
967 2021 997 2045 et
1012 2015 1219 2045 astronomica
1240 2016 1319 2045 ratio
1333 2015 1470 2057 fefellit,)
1492 2023 1562 2048 tum
1585 2029 1614 2057 p.
1629 2023 1657 2051 5,
1675 2022 1758 2062 (10‚)

267 2064 319 2092 31.
336 2062 419 2103 (54.)
441 2065 492 2092 38.
518 2062 598 2102 (56.)
625 2061 799 2091 Geminum
815 2059 918 2089 Elem.
936 2058 1062 2088 Astron.
1077 2067 1103 2087 c.
1119 2061 1149 2088 5.
1163 2064 1194 2087 et
1212 2061 1259 2088 15.
1283 2058 1385 2088 Schol.
1401 2058 1440 2089 ad
1465 2059 1505 2090 11.
1529 2063 1558 2091 0'.
1584 2065 1658 2094 496.
1688 2064 1757 2095 Eu-

266 2104 414 2135 stab-'ad
429 2105 465 2135 κ’.
481 2108 552 2136 394.
568 2115 597 2143 p.
614 2107 687 2134 814.
703 2107 751 2133 20.
767 2102 808 2133 ad
825 2101 933 2141 Odyss.
956 2100 1058 2131 Schol.
1073 2099 1110 2136 β’.
1128 2104 1154 2130 l.
1177 2107 1208 2130 et
1222 2101 1367 2132 Eustath.
1388 2100 1420 2132 δ’.
1436 2105 1486 2133 84.
1508 2113 1538 2142 p.
1556 2107 1647 2136 1485.
1673 2109 1700 2136 1.
1725 2107 1762 2139 κ’.

267 2150 319 2177 82.
336 2158 364 2187 p.
381 2151 474 2179 1649.
491 2150 541 2177 53.
559 2148 590 2177 μ’.
607 2151 678 2178 ‘299-
701 2146 809 2186 Etym.
826 2145 874 2174 M.
900 2154 928 2183 p.
943 2147 1016 2174 370.
1031 2146 1081 2173 43.
1126 2143 1259 2174 Penitus
1281 2144 1366 2174 noris
1391 2145 1564 2181 hominem,
1587 2148 1613 2178 si
1635 2148 1675 2179 ad
1699 2149 1759 2181 ista

266 2189 336 2220 loca
350 2190 490 2220 conferas
509 2190 607 2220 Strab.
624 2189 694 2219 ΙΙΙ.
717 2199 745 2228 p.
765 2190 842 2223 157„
866 2187 920 2217 ubi
936 2192 1086 2226 tanquam
1112 2185 1255 2225 princeps
1277 2193 1470 2218 memoratur
1492 2199 1610 2226 eorum,
1633 2192 1687 2232 qui
1710 2194 1761 2224 φὶ..

265 2233 385 2273 Ὀμήρου
400 2233 509 2265 ποίησιν
525 2234 591 2274 πρὸς
608 2232 827 2271 ἐπιστημονικὰς
844 2229 990 2264 ὑποθέσεις
1004 2230 1143 2272 ἔτρεψαν.
1186 2229 1229 2259 In
1245 2235 1423 2261 transcursu
1442 2231 1536 2262 etiam
1550 2232 1636 2264 illius
1649 2245 1761 2273 unum,

268 2275 353 2316 quod
369 2281 515 2314 superest,
539 2275 720 2314 exemplum
736 2273 842 2307 λύσεως
857 2272 1024 2302 afferamus
1038 2272 1077 2302 de
1095 2271 1133 2301 Il.
1149 2271 1184 2302 α’.
1202 2276 1270 2305 192.
1316 2273 1369 2304 Ibi
1390 2273 1475 2314 quod
1502 2275 1641 2308 Achilles
1666 2287 1760 2319 negat

267 2328 302 2348 se
315 2328 457 2358 pugnare
472 2328 568 2357 posse,
592 2317 666 2358 quia
680 2327 766 2347 arma
781 2315 838 2346 sibi
853 2315 955 2346 ablata
969 2321 1078 2349 essent,
1102 2324 1204 2355 neque
1218 2315 1314 2346 ullius
1328 2316 1437 2352 herois,
1460 2317 1522 2348 nisi
1544 2318 1626 2350 forte
1641 2320 1759 2361 Ajacis,

266 2358 1761 2447 :53532333253322'‘dfffizsfizztn⁰2¹5115335‘m13101’2‘1322zssssssffiffifithfflss?

267 2456 344 2477 nam
361 2447 413 2476 ubi
431 2446 592 2477 Homerus
613 2452 800 2485 strategema
823 2443 902 2474 illud
926 2443 967 2475 ad
992 2446 1076 2475 hunc
1100 2444 1232 2474 modum
1256 2445 1485 2486 persequitur?)
1508 2446 1646 2479 Patrocli
1671 2459 1759 2481 arma

265 2488 335 2529 jam
350 2488 618 2520 Automedontem
634 2488 779 2518 induisse.
824 2487 898 2517 Non
914 2487 991 2518 vidit
1005 2497 1080 2527 ergo
1096 2486 1142 2518 vir
1155 2488 1307 2523 acutulus,
1331 2488 1371 2519 de
1383 2488 1506 2529 integro
1524 2489 1594 2530 jam
1616 2501 1759 2532 quaeren-

266 2531 347 2563 dum
361 2542 435 2569 esse,
459 2543 515 2563 cur
537 2542 602 2563 non
625 2531 766 2564 Achilles
788 2530 922 2570 denique
948 2530 1195 2563 Automedontis
1215 2530 1374 2567 induisset,
1399 2531 1458 2562 sibi
1482 2541 1570 2576 aeque
1591 2534 1671 2565 bene
1695 2546 1758 2567 ses-

266 2584 348 2606 sura.

311 2619 332 2648 b
353 2617 438 2648 Vide
454 2617 613 2649 Heraclid.
631 2617 733 2658 Alleg.
751 2617 848 2647 Hom.
863 2626 888 2647 c.
903 2619 953 2647 27.
978 2616 1080 2648 Schol.
1095 2616 1134 2648 ad
1159 2616 1199 2647 ΙΙ.
1214 2617 1248 2648 e'.
1275 2620 1347 2649 259.
1368 2616 1511 2649 Eustath.
1536 2629 1566 2659 p.
1592 2623 1683 2651 1140.
1707 2624 1759 2654 47.

267 2670 288 2700 p
311 2713 329 2734 e
351 2703 435 2734 Vide
451 2703 550 2735 Strab.
568 2703 630 2734 IX.
646 2714 674 2742 p.
691 2706 761 2734 439.
787 2702 890 2744 (670.)
916 2701 1017 2732 Schol.
1030 2701 1071 2733 ad
1087 2702 1129 2733 n.
1148 2702 1184 2734 α’.
1200 2705 1271 2735 592.
1293 2702 1363 2733 coll.
1385 2702 1528 2735 Eustath.
1554 2715 1582 2745 p.
1601 2709 1692 2737 1003.
1706 2709 1760 2739 58.

270 2745 386 2777 Scholl.
400 2746 439 2777 ad
453 2746 479 2777 ι’.
498 2751 566 2779 169.
590 2747 617 2778 ν’,
633 2750 704 2777 358.
726 2748 757 2784 ξ’.
772 2749 823 2776 51.
838 2755 897 2785 seq.
915 2745 961 2783 ψ’.
979 2748 1052 2777 679.
1075 2746 1225 2786 Apollon.
1240 2746 1315 2777 Lex.
1340 2756 1367 2775 v.
1394 2750 1503 2781 πλωτὴ·
1516 2746 1556 2778 ad
1583 2747 1693 2789 Odyss.
1720 2750 1758 2781 κ’.

268 2791 299 2819 5ο
345 2789 445 2821 sch0¹o
460 2791 504 2821 br·
518 2789 557 2820 ad
572 2795 612 2828 ῥί-
629 2793 678 2820 61.
702 2796 732 2819 et
747 2788 890 2819 EUStassh.
905 2788 945 2819 ad
959 2787 992 2826 ξ’·
1012 2791 1059 2818 12·
1075 2787 1114 2821 ’Υἰ
1129 2793 1201 2823 229·
1222 2789 1329 2831 Etym'
1345 2789 1392 2822 Mu
1408 2799 1437 2831 p·
1453 2781 1525 2823 65¹4.
1547 2794 1577 2823 8.
1601 2798 1659 2825 etc·
1703 2792 1758 2825 se·

267 2832 331 2865 mel
346 2832 491 2866 laudatur
507 2833 558 2866 Cr.
574 2834 598 2865 ἐν
612 2834 771 2876 Ὁμηρικοῖς
786 2832 819 2864 in
837 2831 936 2864 Schol.
952 2833 980 2863 o'.
999 2834 1069 2893 125.

1023 2893 1042 2902 u
