<?xml version="1.0" encoding="UTF-8"?>
<!DOCTYPE html PUBLIC "-//W3C//DTD XHTML 1.0 Transitional//EN"
    "http://www.w3.org/TR/xhtml1/DTD/xhtml1-transitional.dtd">
<html xmlns="http://www.w3.org/1999/xhtml" xml:lang="en" lang="en">
 <head>
  <title>
</title>
<meta http-equiv="Content-Type" content="text/html;charset=utf-8" />
  <meta name='ocr-system' content='tesseract 3.04.00' />
  <meta name='ocr-capabilities' content='ocr_page ocr_carea ocr_par ocr_line ocrx_word'/>
</head>
<body>
  <div class='ocr_page' id='page_1' title='image "./operaomnia05home_0271.png"; bbox 0 0 1856 3235; ppageno 0'>
   <div class='ocr_carea' id='block_1_1' title="bbox 582 212 1608 264">
    <p class='ocr_par' dir='ltr' id='par_1_1' title="bbox 582 212 1608 264">
     <span class='ocr_line' id='line_1_1' title="bbox 582 212 1608 264; baseline -0.002 0"><span class='ocrx_word' id='word_1_1' title='bbox 582 212 1141 264; x_wconf 88' lang='lat' dir='ltr'>PROLEGOMENA.</span> <span class='ocrx_word' id='word_1_2' title='bbox 1517 217 1608 262; x_wconf 84' lang='lat'>247</span> 
     </span>
    </p>
   </div>
   <div class='ocr_carea' id='block_1_2' title="bbox 124 343 1624 2711">
    <p class='ocr_par' dir='ltr' id='par_1_2' title="bbox 124 343 1621 1181">
     <span class='ocr_line' id='line_1_2' title="bbox 129 343 1610 410; baseline -0.004 -13"><span class='ocrx_word' id='word_1_3' title='bbox 129 348 362 398; x_wconf 88' lang='lat' dir='ltr'>Lenimus</span> <span class='ocrx_word' id='word_1_4' title='bbox 416 363 531 410; x_wconf 89' lang='lat' dir='ltr'>ergo</span> <span class='ocrx_word' id='word_1_5' title='bbox 577 354 723 408; x_wconf 89' lang='lat' dir='ltr'>atque</span> <span class='ocrx_word' id='word_1_6' title='bbox 776 345 898 392; x_wconf 92' lang='lat' dir='ltr'>adeo</span> <span class='ocrx_word' id='word_1_7' title='bbox 955 359 1181 391; x_wconf 86' lang='lat' dir='ltr'>ornamus</span> <span class='ocrx_word' id='word_1_8' title='bbox 1226 343 1610 407; x_wconf 89' lang='lat' dir='ltr'>interpretando,</span> 
     </span>
     <span class='ocr_line' id='line_1_3' title="bbox 131 408 1617 479; baseline -0.003 -17"><span class='ocrx_word' id='word_1_9' title='bbox 131 414 367 479; x_wconf 89' lang='lat' dir='ltr'>quidquid</span> <span class='ocrx_word' id='word_1_10' title='bbox 389 412 583 477; x_wconf 90' lang='lat' dir='ltr'>proprio</span> <span class='ocrx_word' id='word_1_11' title='bbox 607 427 751 458; x_wconf 87' lang='lat' dir='ltr'>sensu</span> <span class='ocrx_word' id='word_1_12' title='bbox 774 426 873 456; x_wconf 92' lang='lat' dir='ltr'>non</span> <span class='ocrx_word' id='word_1_13' title='bbox 913 408 1170 456; x_wconf 87' lang='lat' dir='ltr'>ferendum</span> <span class='ocrx_word' id='word_1_14' title='bbox 1211 409 1433 468; x_wconf 79' lang='lat' dir='ltr'>videtur3</span> <span class='ocrx_word' id='word_1_15' title='bbox 1469 409 1617 473; x_wconf 90' lang='lat' dir='ltr'>idque</span> 
     </span>
     <span class='ocr_line' id='line_1_4' title="bbox 128 472 1618 544; baseline -0.004 -16"><span class='ocrx_word' id='word_1_16' title='bbox 128 497 225 544; x_wconf 91' lang='lat' dir='ltr'>quo</span> <span class='ocrx_word' id='word_1_17' title='bbox 250 479 440 527; x_wconf 88' lang='lat' dir='ltr'>doctius</span> <span class='ocrx_word' id='word_1_18' title='bbox 464 484 514 525; x_wconf 94' lang='lat' dir='ltr'>et</span> <span class='ocrx_word' id='word_1_19' title='bbox 538 476 761 524; x_wconf 88' lang='lat' dir='ltr'>subtilius</span> <span class='ocrx_word' id='word_1_20' title='bbox 793 474 1013 531; x_wconf 90' lang='lat' dir='ltr'>facimus,</span> <span class='ocrx_word' id='word_1_21' title='bbox 1052 491 1110 522; x_wconf 90' lang='lat' dir='ltr'>eo</span> <span class='ocrx_word' id='word_1_22' title='bbox 1144 472 1412 537; x_wconf 85' lang='lat' dir='ltr'>religiosius</span> <span class='ocrx_word' id='word_1_23' title='bbox 1452 475 1618 522; x_wconf 86' lang='lat' dir='ltr'>facere</span> 
     </span>
     <span class='ocr_line' id='line_1_5' title="bbox 128 539 1618 606; baseline -0.004 -13"><span class='ocrx_word' id='word_1_24' title='bbox 128 545 363 594; x_wconf 89' lang='lat' dir='ltr'>videmur.</span> <span class='ocrx_word' id='word_1_25' title='bbox 436 543 603 606; x_wconf 81' lang='lat' dir='ltr'><strong>Atque</strong></span> <span class='ocrx_word' id='word_1_26' title='bbox 627 543 696 589; x_wconf 85' lang='lat' dir='ltr'>ita</span> <span class='ocrx_word' id='word_1_27' title='bbox 718 541 904 589; x_wconf 89' lang='lat' dir='ltr'>factum</span> <span class='ocrx_word' id='word_1_28' title='bbox 931 549 1004 588; x_wconf 88' lang='lat' dir='ltr'>est</span> <span class='ocrx_word' id='word_1_29' title='bbox 1041 539 1172 587; x_wconf 90' lang='lat' dir='ltr'>omni</span> <span class='ocrx_word' id='word_1_30' title='bbox 1214 547 1432 602; x_wconf 91' lang='lat' dir='ltr'>tempore</span> <span class='ocrx_word' id='word_1_31' title='bbox 1472 541 1523 587; x_wconf 91' lang='lat' dir='ltr'>in</span> <span class='ocrx_word' id='word_1_32' title='bbox 1563 540 1618 587; x_wconf 91' lang='lat' dir='ltr'>li-</span> 
     </span>
     <span class='ocr_line' id='line_1_6' title="bbox 127 604 1619 672; baseline -0.003 -14"><span class='ocrx_word' id='word_1_33' title='bbox 127 611 224 659; x_wconf 91' lang='lat' dir='ltr'>bris</span> <span class='ocrx_word' id='word_1_34' title='bbox 246 610 317 665; x_wconf 90' lang='lat' dir='ltr'>iis,</span> <span class='ocrx_word' id='word_1_35' title='bbox 355 608 437 672; x_wconf 92' lang='lat' dir='ltr'>qui</span> <span class='ocrx_word' id='word_1_36' title='bbox 461 625 549 672; x_wconf 92' lang='lat' dir='ltr'>pro</span> <span class='ocrx_word' id='word_1_37' title='bbox 569 608 713 655; x_wconf 88' lang='lat' dir='ltr'>sacris</span> <span class='ocrx_word' id='word_1_38' title='bbox 736 607 889 654; x_wconf 90' lang='lat' dir='ltr'>habiti</span> <span class='ocrx_word' id='word_1_39' title='bbox 914 614 1041 653; x_wconf 91' lang='lat' dir='ltr'>sunt.</span> <span class='ocrx_word' id='word_1_40' title='bbox 1113 604 1262 661; x_wconf 83' lang='lat' dir='ltr'>Quod</span> <span class='ocrx_word' id='word_1_41' title='bbox 1286 605 1325 652; x_wconf 88' lang='lat' dir='ltr'>si</span> <span class='ocrx_word' id='word_1_42' title='bbox 1349 605 1403 651; x_wconf 90' lang='lat' dir='ltr'>fit</span> <span class='ocrx_word' id='word_1_43' title='bbox 1427 621 1485 653; x_wconf 94' lang='lat' dir='ltr'>eo</span> <span class='ocrx_word' id='word_1_44' title='bbox 1506 622 1619 653; x_wconf 89' lang='lat' dir='ltr'>con-</span> 
     </span>
     <span class='ocr_line' id='line_1_7' title="bbox 128 670 1616 738; baseline -0.003 -15"><span class='ocrx_word' id='word_1_45' title='bbox 128 675 248 730; x_wconf 87' lang='lat' dir='ltr'>silio,</span> <span class='ocrx_word' id='word_1_46' title='bbox 269 682 326 721; x_wconf 93' lang='lat' dir='ltr'>ut</span> <span class='ocrx_word' id='word_1_47' title='bbox 350 673 619 738; x_wconf 85' lang='lat' dir='ltr'>cognitioni</span> <span class='ocrx_word' id='word_1_48' title='bbox 645 689 813 721; x_wconf 89' lang='lat' dir='ltr'>eorum</span> <span class='ocrx_word' id='word_1_49' title='bbox 839 689 924 720; x_wconf 89' lang='lat' dir='ltr'>sua</span> <span class='ocrx_word' id='word_1_50' title='bbox 941 672 1124 719; x_wconf 88' lang='lat' dir='ltr'>utilitas</span> <span class='ocrx_word' id='word_1_51' title='bbox 1143 678 1336 718; x_wconf 88' lang='lat' dir='ltr'>constet</span> <span class='ocrx_word' id='word_1_52' title='bbox 1358 670 1408 717; x_wconf 90' lang='lat' dir='ltr'>in</span> <span class='ocrx_word' id='word_1_53' title='bbox 1424 670 1616 734; x_wconf 88' lang='lat' dir='ltr'>vulgus,</span> 
     </span>
     <span class='ocr_line' id='line_1_8' title="bbox 125 736 1618 803; baseline -0.002 -15"><span class='ocrx_word' id='word_1_54' title='bbox 125 739 246 788; x_wconf 92' lang='lat' dir='ltr'>nihil</span> <span class='ocrx_word' id='word_1_55' title='bbox 280 739 331 786; x_wconf 90' lang='lat' dir='ltr'>in</span> <span class='ocrx_word' id='word_1_56' title='bbox 371 756 429 787; x_wconf 93' lang='lat' dir='ltr'>eo</span> <span class='ocrx_word' id='word_1_57' title='bbox 469 739 613 787; x_wconf 90' lang='lat' dir='ltr'>video</span> <span class='ocrx_word' id='word_1_58' title='bbox 650 738 1123 803; x_wconf 90' lang='lat' dir='ltr'>reprehendendum.</span> <span class='ocrx_word' id='word_1_59' title='bbox 1193 737 1321 784; x_wconf 91' lang='lat' dir='ltr'>Nam</span> <span class='ocrx_word' id='word_1_60' title='bbox 1357 736 1418 783; x_wconf 92' lang='lat' dir='ltr'>ad</span> <span class='ocrx_word' id='word_1_61' title='bbox 1455 753 1618 785; x_wconf 88' lang='lat' dir='ltr'>veram</span> 
     </span>
     <span class='ocr_line' id='line_1_9' title="bbox 126 801 1620 868; baseline -0.002 -15"><span class='ocrx_word' id='word_1_62' title='bbox 126 805 158 853; x_wconf 89' lang='lat' dir='ltr'>i.</span> <span class='ocrx_word' id='word_1_63' title='bbox 186 822 228 853; x_wconf 90' lang='lat' dir='ltr'>e.</span> <span class='ocrx_word' id='word_1_64' title='bbox 254 804 534 854; x_wconf 85' lang='lat' dir='ltr'>historicam</span> <span class='ocrx_word' id='word_1_65' title='bbox 557 804 1010 868; x_wconf 82' lang='lat' dir='ltr'>interpretationem</span> <span class='ocrx_word' id='word_1_66' title='bbox 1034 802 1201 867; x_wconf 85' lang='lat' dir='ltr'>paucis</span> <span class='ocrx_word' id='word_1_67' title='bbox 1231 802 1281 849; x_wconf 92' lang='lat' dir='ltr'>in</span> <span class='ocrx_word' id='word_1_68' title='bbox 1321 801 1440 850; x_wconf 89' lang='lat' dir='ltr'>locis</span> <span class='ocrx_word' id='word_1_69' title='bbox 1482 819 1620 850; x_wconf 88' lang='lat' dir='ltr'>revo-</span> 
     </span>
     <span class='ocr_line' id='line_1_10' title="bbox 128 868 1620 934; baseline -0.003 -16"><span class='ocrx_word' id='word_1_70' title='bbox 128 870 226 918; x_wconf 89' lang='lat' dir='ltr'>cari</span> <span class='ocrx_word' id='word_1_71' title='bbox 265 878 429 934; x_wconf 87' lang='lat' dir='ltr'>potest</span> <span class='ocrx_word' id='word_1_72' title='bbox 470 870 621 934; x_wconf 87' lang='lat' dir='ltr'>major</span> <span class='ocrx_word' id='word_1_73' title='bbox 662 886 893 917; x_wconf 89' lang='lat' dir='ltr'>numerus</span> <span class='ocrx_word' id='word_1_74' title='bbox 931 869 1285 916; x_wconf 85' lang='lat' dir='ltr'>illiteratorum.</span> <span class='ocrx_word' id='word_1_75' title='bbox 1356 868 1532 932; x_wconf 85' lang='lat' dir='ltr'>Neque</span> <span class='ocrx_word' id='word_1_76' title='bbox 1566 868 1620 915; x_wconf 90' lang='lat' dir='ltr'>il-</span> 
     </span>
     <span class='ocr_line' id='line_1_11' title="bbox 125 933 1621 998; baseline -0.001 -15"><span class='ocrx_word' id='word_1_77' title='bbox 125 935 222 983; x_wconf 88' lang='lat' dir='ltr'>lam</span> <span class='ocrx_word' id='word_1_78' title='bbox 263 937 376 984; x_wconf 89' lang='lat' dir='ltr'>satis</span> <span class='ocrx_word' id='word_1_79' title='bbox 416 944 592 984; x_wconf 84' lang='lat' dir='ltr'>norant</span> <span class='ocrx_word' id='word_1_80' title='bbox 616 935 905 983; x_wconf 88' lang='lat' dir='ltr'>Graecorum</span> <span class='ocrx_word' id='word_1_81' title='bbox 943 934 1229 982; x_wconf 87' lang='lat' dir='ltr'>doctissimi:</span> <span class='ocrx_word' id='word_1_82' title='bbox 1267 933 1479 998; x_wconf 90' lang='lat' dir='ltr'>alioquin</span> <span class='ocrx_word' id='word_1_83' title='bbox 1516 933 1621 982; x_wconf 90' lang='lat' dir='ltr'>Ho-</span> 
     </span>
     <span class='ocr_line' id='line_1_12' title="bbox 124 1001 1621 1064; baseline -0.001 -16"><span class='ocrx_word' id='word_1_84' title='bbox 124 1018 313 1050; x_wconf 85' lang='lat' dir='ltr'>merum</span> <span class='ocrx_word' id='word_1_85' title='bbox 339 1018 479 1050; x_wconf 91' lang='lat' dir='ltr'>suum</span> <span class='ocrx_word' id='word_1_86' title='bbox 521 1009 571 1049; x_wconf 90' lang='lat' dir='ltr'>et</span> <span class='ocrx_word' id='word_1_87' title='bbox 601 1001 758 1049; x_wconf 91' lang='lat' dir='ltr'>lenius</span> <span class='ocrx_word' id='word_1_88' title='bbox 782 1001 1155 1064; x_wconf 88' lang='lat' dir='ltr'>vituperassent,</span> <span class='ocrx_word' id='word_1_89' title='bbox 1195 1016 1286 1047; x_wconf 91' lang='lat' dir='ltr'>nec</span> <span class='ocrx_word' id='word_1_90' title='bbox 1326 1007 1464 1046; x_wconf 87' lang='lat' dir='ltr'>tanto</span> <span class='ocrx_word' id='word_1_91' title='bbox 1507 1016 1621 1048; x_wconf 90' lang='lat' dir='ltr'>con-</span> 
     </span>
     <span class='ocr_line' id='line_1_13' title="bbox 126 1065 1620 1116; baseline -0.001 -1"><span class='ocrx_word' id='word_1_92' title='bbox 126 1083 271 1115; x_wconf 90' lang='lat' dir='ltr'>sensu</span> <span class='ocrx_word' id='word_1_93' title='bbox 317 1068 361 1115; x_wconf 92' lang='lat' dir='ltr'>ei</span> <span class='ocrx_word' id='word_1_94' title='bbox 407 1067 625 1116; x_wconf 91' lang='lat' dir='ltr'>omnium</span> <span class='ocrx_word' id='word_1_95' title='bbox 670 1067 987 1115; x_wconf 80' lang='lat' dir='ltr'>maximarum</span> <span class='ocrx_word' id='word_1_96' title='bbox 1033 1082 1194 1114; x_wconf 89' lang='lat' dir='ltr'>rerum</span> <span class='ocrx_word' id='word_1_97' title='bbox 1248 1065 1500 1114; x_wconf 89' lang='lat' dir='ltr'>scientiam</span> <span class='ocrx_word' id='word_1_98' title='bbox 1539 1065 1620 1113; x_wconf 87' lang='lat' dir='ltr'>tri-</span> 
     </span>
     <span class='ocr_line' id='line_1_14' title="bbox 124 1133 358 1181; baseline -0.004 0"><span class='ocrx_word' id='word_1_99' title='bbox 124 1133 358 1181; x_wconf 87' lang='lat' dir='ltr'>buissent.</span> 
     </span>
    </p>

    <p class='ocr_par' dir='ltr' id='par_1_3' title="bbox 126 1197 1624 2711">
     <span class='ocr_line' id='line_1_15' title="bbox 193 1197 1621 1262; baseline 0 -17"><span class='ocrx_word' id='word_1_100' title='bbox 193 1198 309 1246; x_wconf 92' lang='lat' dir='ltr'>Hoc</span> <span class='ocrx_word' id='word_1_101' title='bbox 347 1200 429 1262; x_wconf 91' lang='lat' dir='ltr'>qui</span> <span class='ocrx_word' id='word_1_102' title='bbox 468 1197 680 1246; x_wconf 88' lang='lat' dir='ltr'>fecerint</span> <span class='ocrx_word' id='word_1_103' title='bbox 723 1205 773 1245; x_wconf 91' lang='lat' dir='ltr'>et</span> <span class='ocrx_word' id='word_1_104' title='bbox 814 1197 1074 1260; x_wconf 91' lang='lat' dir='ltr'>quomodo,</span> <span class='ocrx_word' id='word_1_105' title='bbox 1111 1214 1198 1262; x_wconf 91' lang='lat' dir='ltr'>per</span> <span class='ocrx_word' id='word_1_106' title='bbox 1238 1197 1402 1245; x_wconf 90' lang='lat' dir='ltr'>omnia</span> <span class='ocrx_word' id='word_1_107' title='bbox 1441 1197 1621 1245; x_wconf 84' lang='lat' dir='ltr'>saecula</span> 
     </span>
     <span class='ocr_line' id='line_1_16' title="bbox 126 1263 1620 1328; baseline -0.001 -16"><span class='ocrx_word' id='word_1_108' title='bbox 126 1264 366 1328; x_wconf 84' lang='lat' dir='ltr'>persequi,</span> <span class='ocrx_word' id='word_1_109' title='bbox 402 1263 660 1327; x_wconf 87' lang='lat' dir='ltr'>fontesque</span> <span class='ocrx_word' id='word_1_110' title='bbox 708 1271 756 1310; x_wconf 90' lang='lat' dir='ltr'>et</span> <span class='ocrx_word' id='word_1_111' title='bbox 800 1263 980 1310; x_wconf 89' lang='lat' dir='ltr'>rivulos</span> <span class='ocrx_word' id='word_1_112' title='bbox 1020 1263 1295 1326; x_wconf 86' lang='lat' dir='ltr'>allegoricae</span> <span class='ocrx_word' id='word_1_113' title='bbox 1334 1263 1620 1326; x_wconf 88' lang='lat' dir='ltr'>interpreta-</span> 
     </span>
     <span class='ocr_line' id='line_1_17' title="bbox 126 1328 1616 1393; baseline -0.001 -16"><span class='ocrx_word' id='word_1_114' title='bbox 126 1329 272 1378; x_wconf 89' lang='lat' dir='ltr'>tionis</span> <span class='ocrx_word' id='word_1_115' title='bbox 308 1329 555 1393; x_wconf 88' lang='lat' dir='ltr'>indagare,</span> <span class='ocrx_word' id='word_1_116' title='bbox 591 1329 752 1393; x_wconf 88' lang='lat' dir='ltr'>longae</span> <span class='ocrx_word' id='word_1_117' title='bbox 797 1328 1010 1376; x_wconf 87' lang='lat' dir='ltr'>historiae</span> <span class='ocrx_word' id='word_1_118' title='bbox 1049 1332 1249 1376; x_wconf 91' lang='lat' dir='ltr'>materia</span> <span class='ocrx_word' id='word_1_119' title='bbox 1290 1335 1378 1375; x_wconf 89' lang='lat' dir='ltr'>est.</span> <span class='ocrx_word' id='word_1_120' title='bbox 1450 1329 1616 1376; x_wconf 87' lang='lat' dir='ltr'>Socra-</span> 
     </span>
     <span class='ocr_line' id='line_1_18' title="bbox 127 1393 1619 1459; baseline -0.001 -16"><span class='ocrx_word' id='word_1_121' title='bbox 127 1402 201 1443; x_wconf 89' lang='lat' dir='ltr'>tes</span> <span class='ocrx_word' id='word_1_122' title='bbox 239 1395 450 1459; x_wconf 88' lang='lat' dir='ltr'>quidem,</span> <span class='ocrx_word' id='word_1_123' title='bbox 487 1395 675 1459; x_wconf 85' lang='lat' dir='ltr'>sapiens</span> <span class='ocrx_word' id='word_1_124' title='bbox 714 1395 764 1441; x_wconf 91' lang='lat' dir='ltr'>in</span> <span class='ocrx_word' id='word_1_125' title='bbox 802 1395 965 1457; x_wconf 90' lang='lat' dir='ltr'>primis</span> <span class='ocrx_word' id='word_1_126' title='bbox 991 1394 1192 1450; x_wconf 87' lang='lat' dir='ltr'>sobrius,</span> <span class='ocrx_word' id='word_1_127' title='bbox 1231 1393 1361 1441; x_wconf 89' lang='lat' dir='ltr'>illam</span> <span class='ocrx_word' id='word_1_128' title='bbox 1398 1410 1497 1441; x_wconf 92' lang='lat' dir='ltr'>non</span> <span class='ocrx_word' id='word_1_129' title='bbox 1527 1395 1619 1442; x_wconf 90' lang='lat' dir='ltr'>nisi</span> 
     </span>
     <span class='ocr_line' id='line_1_19' title="bbox 128 1460 1620 1524; baseline 0 -16"><span class='ocrx_word' id='word_1_130' title='bbox 128 1460 346 1519; x_wconf 88' lang='lat' dir='ltr'>ludendo</span> <span class='ocrx_word' id='word_1_131' title='bbox 387 1461 575 1524; x_wconf 83' lang='lat' dir='ltr'>attigit3</span> <span class='ocrx_word' id='word_1_132' title='bbox 614 1477 759 1524; x_wconf 92' lang='lat' dir='ltr'>quem</span> <span class='ocrx_word' id='word_1_133' title='bbox 807 1460 985 1507; x_wconf 91' lang='lat' dir='ltr'>deinde</span> <span class='ocrx_word' id='word_1_134' title='bbox 1027 1460 1386 1523; x_wconf 87' lang='lat' dir='ltr'>quodammodo</span> <span class='ocrx_word' id='word_1_135' title='bbox 1424 1468 1620 1508; x_wconf 88' lang='lat' dir='ltr'>secutus</span> 
     </span>
     <span class='ocr_line' id='line_1_20' title="bbox 129 1525 1621 1590; baseline 0 -16"><span class='ocrx_word' id='word_1_136' title='bbox 129 1534 202 1575; x_wconf 90' lang='lat' dir='ltr'>est</span> <span class='ocrx_word' id='word_1_137' title='bbox 233 1525 387 1583; x_wconf 91' lang='lat' dir='ltr'>Plato,</span> <span class='ocrx_word' id='word_1_138' title='bbox 431 1527 514 1574; x_wconf 92' lang='lat' dir='ltr'>ubi</span> <span class='ocrx_word' id='word_1_139' title='bbox 555 1526 853 1590; x_wconf 87' lang='lat' dir='ltr'>populariter</span> <span class='ocrx_word' id='word_1_140' title='bbox 891 1525 1308 1589; x_wconf 75' lang='lat' dir='ltr'>philosophatur².</span> <span class='ocrx_word' id='word_1_141' title='bbox 1380 1526 1454 1573; x_wconf 90' lang='lat' dir='ltr'>At</span> <span class='ocrx_word' id='word_1_142' title='bbox 1488 1526 1621 1574; x_wconf 91' lang='lat' dir='ltr'>idem</span> 
     </span>
     <span class='ocr_line' id='line_1_21' title="bbox 126 1591 1622 1656; baseline 0 -16"><span class='ocrx_word' id='word_1_143' title='bbox 126 1592 176 1639; x_wconf 89' lang='lat' dir='ltr'>in</span> <span class='ocrx_word' id='word_1_144' title='bbox 203 1609 261 1640; x_wconf 93' lang='lat' dir='ltr'>eo</span> <span class='ocrx_word' id='word_1_145' title='bbox 285 1608 446 1656; x_wconf 90' lang='lat' dir='ltr'>opere,</span> <span class='ocrx_word' id='word_1_146' title='bbox 482 1592 533 1639; x_wconf 89' lang='lat' dir='ltr'>in</span> <span class='ocrx_word' id='word_1_147' title='bbox 559 1609 655 1655; x_wconf 92' lang='lat' dir='ltr'>quo</span> <span class='ocrx_word' id='word_1_148' title='bbox 679 1608 867 1639; x_wconf 92' lang='lat' dir='ltr'>morum</span> <span class='ocrx_word' id='word_1_149' title='bbox 897 1592 1187 1655; x_wconf 88' lang='lat' dir='ltr'>optimorum</span> <span class='ocrx_word' id='word_1_150' title='bbox 1216 1599 1265 1638; x_wconf 92' lang='lat' dir='ltr'>et</span> <span class='ocrx_word' id='word_1_151' title='bbox 1290 1591 1497 1639; x_wconf 85' lang='lat' dir='ltr'>civitatis</span> <span class='ocrx_word' id='word_1_152' title='bbox 1523 1609 1622 1640; x_wconf 91' lang='lat' dir='ltr'>om-</span> 
     </span>
     <span class='ocr_line' id='line_1_22' title="bbox 129 1657 1620 1722; baseline 0.001 -17"><span class='ocrx_word' id='word_1_153' title='bbox 129 1658 270 1706; x_wconf 87' lang='lat' dir='ltr'>nibus</span> <span class='ocrx_word' id='word_1_154' title='bbox 311 1659 528 1722; x_wconf 89' lang='lat' dir='ltr'>partibus</span> <span class='ocrx_word' id='word_1_155' title='bbox 573 1657 807 1722; x_wconf 77' lang='lat' dir='ltr'>perfectae</span> <span class='ocrx_word' id='word_1_156' title='bbox 853 1657 1100 1721; x_wconf 79' lang='lat' dir='ltr'>exemplar</span> <span class='ocrx_word' id='word_1_157' title='bbox 1148 1657 1451 1713; x_wconf 87' lang='lat' dir='ltr'>deformavit,</span> <span class='ocrx_word' id='word_1_158' title='bbox 1491 1657 1620 1706; x_wconf 86' lang='lat' dir='ltr'>clare</span> 
     </span>
     <span class='ocr_line' id='line_1_23' title="bbox 130 1722 1622 1788; baseline -0.001 -16"><span class='ocrx_word' id='word_1_159' title='bbox 130 1723 385 1788; x_wconf 89' lang='lat' dir='ltr'>significat,</span> <span class='ocrx_word' id='word_1_160' title='bbox 423 1724 512 1772; x_wconf 86' lang='lat' dir='ltr'>sibi</span> <span class='ocrx_word' id='word_1_161' title='bbox 537 1740 594 1772; x_wconf 86' lang='lat' dir='ltr'>ea</span> <span class='ocrx_word' id='word_1_162' title='bbox 628 1740 727 1771; x_wconf 90' lang='lat' dir='ltr'>non</span> <span class='ocrx_word' id='word_1_163' title='bbox 751 1723 905 1770; x_wconf 90' lang='lat' dir='ltr'>videri</span> <span class='ocrx_word' id='word_1_164' title='bbox 938 1740 1053 1771; x_wconf 79' lang='lat' dir='ltr'>vere</span> <span class='ocrx_word' id='word_1_165' title='bbox 1093 1722 1249 1770; x_wconf 87' lang='lat' dir='ltr'>inesse</span> <span class='ocrx_word' id='word_1_166' title='bbox 1290 1723 1340 1770; x_wconf 93' lang='lat' dir='ltr'>in</span> <span class='ocrx_word' id='word_1_167' title='bbox 1385 1723 1622 1782; x_wconf 86' lang='lat' dir='ltr'>Homero,</span> 
     </span>
     <span class='ocr_line' id='line_1_24' title="bbox 129 1789 1621 1854; baseline 0 -18"><span class='ocrx_word' id='word_1_168' title='bbox 129 1806 239 1853; x_wconf 86' lang='lat' dir='ltr'>quae</span> <span class='ocrx_word' id='word_1_169' title='bbox 261 1789 524 1854; x_wconf 87' lang='lat' dir='ltr'>allegorica</span> <span class='ocrx_word' id='word_1_170' title='bbox 546 1790 638 1837; x_wconf 89' lang='lat' dir='ltr'>ista</span> <span class='ocrx_word' id='word_1_171' title='bbox 670 1790 794 1837; x_wconf 87' lang='lat' dir='ltr'>ratio</span> <span class='ocrx_word' id='word_1_172' title='bbox 834 1796 1117 1837; x_wconf 87' lang='lat' dir='ltr'>ostentaret.</span> <span class='ocrx_word' id='word_1_173' title='bbox 1186 1789 1295 1838; x_wconf 90' lang='lat' dir='ltr'>Jam</span> <span class='ocrx_word' id='word_1_174' title='bbox 1331 1806 1481 1853; x_wconf 91' lang='lat' dir='ltr'>quum</span> <span class='ocrx_word' id='word_1_175' title='bbox 1518 1789 1621 1853; x_wconf 93' lang='lat' dir='ltr'>phi-</span> 
     </span>
     <span class='ocr_line' id='line_1_25' title="bbox 130 1854 1620 1920; baseline 0.001 -18"><span class='ocrx_word' id='word_1_176' title='bbox 130 1854 358 1919; x_wconf 86' lang='lat' dir='ltr'>Iosophus</span> <span class='ocrx_word' id='word_1_177' title='bbox 382 1856 479 1912; x_wconf 90' lang='lat' dir='ltr'>ille,</span> <span class='ocrx_word' id='word_1_178' title='bbox 517 1856 715 1920; x_wconf 89' lang='lat' dir='ltr'>primus,</span> <span class='ocrx_word' id='word_1_179' title='bbox 753 1863 810 1904; x_wconf 91' lang='lat' dir='ltr'>ut</span> <span class='ocrx_word' id='word_1_180' title='bbox 832 1855 972 1902; x_wconf 91' lang='lat' dir='ltr'>nobis</span> <span class='ocrx_word' id='word_1_181' title='bbox 995 1855 1205 1911; x_wconf 88' lang='lat' dir='ltr'>videtur,</span> <span class='ocrx_word' id='word_1_182' title='bbox 1244 1872 1306 1903; x_wconf 86' lang='lat' dir='ltr'>ex</span> <span class='ocrx_word' id='word_1_183' title='bbox 1329 1855 1516 1919; x_wconf 90' lang='lat' dir='ltr'>aliquot</span> <span class='ocrx_word' id='word_1_184' title='bbox 1537 1873 1620 1919; x_wconf 90' lang='lat' dir='ltr'>ge-</span> 
     </span>
     <span class='ocr_line' id='line_1_26' title="bbox 129 1921 1624 1985; baseline 0 -17"><span class='ocrx_word' id='word_1_185' title='bbox 129 1921 340 1979; x_wconf 90' lang='lat' dir='ltr'>neribus,</span> <span class='ocrx_word' id='word_1_186' title='bbox 377 1922 587 1970; x_wconf 85' lang='lat' dir='ltr'>maxime</span> <span class='ocrx_word' id='word_1_187' title='bbox 612 1921 822 1978; x_wconf 90' lang='lat' dir='ltr'>scenico,</span> <span class='ocrx_word' id='word_1_188' title='bbox 859 1921 1067 1985; x_wconf 76' lang='lat' dir='ltr'>poeticae</span> <span class='ocrx_word' id='word_1_189' title='bbox 1102 1921 1194 1968; x_wconf 88' lang='lat' dir='ltr'>arti</span> <span class='ocrx_word' id='word_1_190' title='bbox 1233 1929 1455 1969; x_wconf 88' lang='lat' dir='ltr'>naturam</span> <span class='ocrx_word' id='word_1_191' title='bbox 1493 1921 1624 1969; x_wconf 89' lang='lat' dir='ltr'>affin-</span> 
     </span>
     <span class='ocr_line' id='line_1_27' title="bbox 131 1987 1624 2051; baseline 0 -17"><span class='ocrx_word' id='word_1_192' title='bbox 131 1995 270 2050; x_wconf 86' lang='lat' dir='ltr'>geret</span> <span class='ocrx_word' id='word_1_193' title='bbox 291 1988 472 2051; x_wconf 76' lang='grc' dir='ltr'>μίμησιν,</span> <span class='ocrx_word' id='word_1_194' title='bbox 507 1987 638 2036; x_wconf 91' lang='lat' dir='ltr'>leves</span> <span class='ocrx_word' id='word_1_195' title='bbox 664 1996 826 2035; x_wconf 87' lang='lat' dir='ltr'>autem</span> <span class='ocrx_word' id='word_1_196' title='bbox 850 1995 1047 2051; x_wconf 89' lang='lat' dir='ltr'>putaret</span> <span class='ocrx_word' id='word_1_197' title='bbox 1071 1995 1120 2035; x_wconf 93' lang='lat' dir='ltr'>et</span> <span class='ocrx_word' id='word_1_198' title='bbox 1144 1987 1298 2034; x_wconf 85' lang='lat' dir='ltr'>fluxas</span> <span class='ocrx_word' id='word_1_199' title='bbox 1321 2005 1397 2035; x_wconf 90' lang='lat' dir='ltr'>res</span> <span class='ocrx_word' id='word_1_200' title='bbox 1421 2004 1539 2044; x_wconf 86' lang='lat' dir='ltr'>esse,</span> <span class='ocrx_word' id='word_1_201' title='bbox 1571 1987 1624 2034; x_wconf 90' lang='lat' dir='ltr'>in</span> 
     </span>
     <span class='ocr_line' id='line_1_28' title="bbox 132 2052 1622 2117; baseline 0.001 -18"><span class='ocrx_word' id='word_1_202' title='bbox 132 2052 306 2116; x_wconf 87' lang='lat' dir='ltr'>quibus</span> <span class='ocrx_word' id='word_1_203' title='bbox 328 2053 410 2100; x_wconf 88' lang='lat' dir='ltr'>illa</span> <span class='ocrx_word' id='word_1_204' title='bbox 431 2055 602 2117; x_wconf 75' lang='grc' dir='ltr'><em>μίμησις</em></span> <span class='ocrx_word' id='word_1_205' title='bbox 627 2061 914 2109; x_wconf 84' lang='lat' dir='ltr'>versaretur,</span> <span class='ocrx_word' id='word_1_206' title='bbox 953 2053 1290 2115; x_wconf 86' lang='lat' dir='ltr'>(stabilitatem</span> <span class='ocrx_word' id='word_1_207' title='bbox 1315 2054 1444 2101; x_wconf 90' lang='lat' dir='ltr'>enim</span> <span class='ocrx_word' id='word_1_208' title='bbox 1470 2061 1519 2101; x_wconf 89' lang='lat' dir='ltr'>et</span> <span class='ocrx_word' id='word_1_209' title='bbox 1542 2069 1622 2101; x_wconf 89' lang='lat' dir='ltr'>ve-</span> 
     </span>
     <span class='ocr_line' id='line_1_29' title="bbox 133 2117 1623 2183; baseline 0.002 -19"><span class='ocrx_word' id='word_1_210' title='bbox 133 2117 326 2166; x_wconf 86' lang='lat' dir='ltr'>ritatem</span> <span class='ocrx_word' id='word_1_211' title='bbox 367 2119 478 2167; x_wconf 91' lang='lat' dir='ltr'>solis</span> <span class='ocrx_word' id='word_1_212' title='bbox 502 2120 623 2167; x_wconf 89' lang='lat' dir='ltr'>ideis</span> <span class='ocrx_word' id='word_1_213' title='bbox 648 2119 743 2167; x_wconf 89' lang='lat' dir='ltr'>suis</span> <span class='ocrx_word' id='word_1_214' title='bbox 776 2119 1062 2180; x_wconf 83' lang='lat' dir='ltr'>tribuebat‚)</span> <span class='ocrx_word' id='word_1_215' title='bbox 1098 2119 1224 2166; x_wconf 87' lang='lat' dir='ltr'>hanc</span> <span class='ocrx_word' id='word_1_216' title='bbox 1249 2128 1418 2176; x_wconf 86' lang='lat' dir='ltr'>artem,</span> <span class='ocrx_word' id='word_1_217' title='bbox 1448 2126 1623 2183; x_wconf 90' lang='lat' dir='ltr'>utpote</span> 
     </span>
     <span class='ocr_line' id='line_1_30' title="bbox 133 2183 1622 2249; baseline 0.002 -19"><span class='ocrx_word' id='word_1_218' title='bbox 133 2183 280 2232; x_wconf 89' lang='lat' dir='ltr'>tertio</span> <span class='ocrx_word' id='word_1_219' title='bbox 302 2186 458 2248; x_wconf 85' lang='lat' dir='ltr'>gradu</span> <span class='ocrx_word' id='word_1_220' title='bbox 479 2194 716 2234; x_wconf 88' lang='lat' dir='ltr'>remotam</span> <span class='ocrx_word' id='word_1_221' title='bbox 742 2202 768 2233; x_wconf 88' lang='lat' dir='ltr'>a</span> <span class='ocrx_word' id='word_1_222' title='bbox 792 2185 980 2233; x_wconf 89' lang='lat' dir='ltr'>coelesti</span> <span class='ocrx_word' id='word_1_223' title='bbox 1004 2185 1227 2241; x_wconf 87' lang='lat' dir='ltr'>veritate,</span> <span class='ocrx_word' id='word_1_224' title='bbox 1251 2185 1403 2248; x_wconf 89' lang='lat' dir='ltr'>ipsam</span> <span class='ocrx_word' id='word_1_225' title='bbox 1429 2201 1622 2249; x_wconf 91' lang='lat' dir='ltr'>quoque</span> 
     </span>
     <span class='ocr_line' id='line_1_31' title="bbox 133 2251 1623 2316; baseline 0.001 -20"><span class='ocrx_word' id='word_1_226' title='bbox 133 2265 307 2297; x_wconf 89' lang='lat' dir='ltr'>vanam</span> <span class='ocrx_word' id='word_1_227' title='bbox 333 2252 841 2316; x_wconf 87' lang='lat' dir='ltr'>contemnendamque</span> <span class='ocrx_word' id='word_1_228' title='bbox 867 2260 915 2299; x_wconf 86' lang='lat' dir='ltr'>et</span> <span class='ocrx_word' id='word_1_229' title='bbox 954 2267 1149 2314; x_wconf 89' lang='lat' dir='ltr'>pravam</span> <span class='ocrx_word' id='word_1_230' title='bbox 1190 2251 1468 2315; x_wconf 86' lang='lat' dir='ltr'>magistram</span> <span class='ocrx_word' id='word_1_231' title='bbox 1509 2251 1623 2298; x_wconf 86' lang='lat' dir='ltr'>vitae</span> 
     </span>
     <span class='ocr_line' id='line_1_32' title="bbox 134 2316 1623 2381; baseline 0 -17"><span class='ocrx_word' id='word_1_232' title='bbox 134 2332 236 2364; x_wconf 89' lang='lat' dir='ltr'>esse</span> <span class='ocrx_word' id='word_1_233' title='bbox 263 2316 622 2366; x_wconf 86' lang='lat' dir='ltr'>demonstrabat</span> <span class='ocrx_word' id='word_1_234' title='bbox 637 2328 669 2364; x_wconf 81' lang='lat' dir='ltr'>b.</span> <span class='ocrx_word' id='word_1_235' title='bbox 740 2318 912 2381; x_wconf 88' lang='lat' dir='ltr'>Itaque</span> <span class='ocrx_word' id='word_1_236' title='bbox 937 2326 987 2364; x_wconf 91' lang='lat' dir='ltr'>et</span> <span class='ocrx_word' id='word_1_237' title='bbox 1012 2317 1286 2365; x_wconf 91' lang='lat' dir='ltr'>Homerum</span> <span class='ocrx_word' id='word_1_238' title='bbox 1311 2326 1362 2365; x_wconf 91' lang='lat' dir='ltr'>et</span> <span class='ocrx_word' id='word_1_239' title='bbox 1386 2317 1623 2381; x_wconf 86' lang='lat' dir='ltr'>Tragicos</span> 
     </span>
     <span class='ocr_line' id='line_1_33' title="bbox 136 2383 1623 2448; baseline 0 -17"><span class='ocrx_word' id='word_1_240' title='bbox 136 2398 248 2431; x_wconf 92' lang='lat' dir='ltr'>cum</span> <span class='ocrx_word' id='word_1_241' title='bbox 273 2383 404 2430; x_wconf 91' lang='lat' dir='ltr'>omni</span> <span class='ocrx_word' id='word_1_242' title='bbox 428 2400 578 2447; x_wconf 89' lang='lat' dir='ltr'>grege</span> <span class='ocrx_word' id='word_1_243' title='bbox 603 2383 815 2447; x_wconf 69' lang='grc' dir='ltr'><em>ῥαψῳδῶν,</em></span> <span class='ocrx_word' id='word_1_244' title='bbox 842 2389 1034 2448; x_wconf 55' lang='grc' dir='ltr'>χορευτῶν</span> <span class='ocrx_word' id='word_1_245' title='bbox 1059 2392 1109 2431; x_wconf 91' lang='lat' dir='ltr'>et</span> <span class='ocrx_word' id='word_1_246' title='bbox 1132 2383 1427 2431; x_wconf 88' lang='lat' dir='ltr'>musicorum</span> <span class='ocrx_word' id='word_1_247' title='bbox 1453 2399 1514 2431; x_wconf 87' lang='lat' dir='ltr'>ex</span> <span class='ocrx_word' id='word_1_248' title='bbox 1539 2399 1623 2431; x_wconf 93' lang='lat' dir='ltr'>no-</span> 
     </span>
     <span class='ocr_line' id='line_1_34' title="bbox 132 2449 1618 2497; baseline 0 -1"><span class='ocrx_word' id='word_1_249' title='bbox 132 2465 193 2496; x_wconf 92' lang='lat' dir='ltr'>va</span> <span class='ocrx_word' id='word_1_250' title='bbox 241 2449 438 2497; x_wconf 89' lang='lat' dir='ltr'>civitate</span> <span class='ocrx_word' id='word_1_251' title='bbox 481 2449 662 2497; x_wconf 82' lang='lat' dir='ltr'>eduxit.</span> <span class='ocrx_word' id='word_1_252' title='bbox 734 2450 1012 2497; x_wconf 88' lang='lat' dir='ltr'>Primariam</span> <span class='ocrx_word' id='word_1_253' title='bbox 1052 2449 1180 2496; x_wconf 91' lang='lat' dir='ltr'>illius</span> <span class='ocrx_word' id='word_1_254' title='bbox 1221 2449 1514 2497; x_wconf 87' lang='lat' dir='ltr'>sententiam</span> <span class='ocrx_word' id='word_1_255' title='bbox 1557 2449 1618 2496; x_wconf 92' lang='lat' dir='ltr'>de</span> 
     </span>
     <span class='ocr_line' id='line_1_35' title="bbox 132 2514 1620 2579; baseline -0.001 -17"><span class='ocrx_word' id='word_1_256' title='bbox 132 2522 236 2563; x_wconf 86' lang='lat' dir='ltr'>arte</span> <span class='ocrx_word' id='word_1_257' title='bbox 259 2515 453 2579; x_wconf 74' lang='lat' dir='ltr'>poetica</span> <span class='ocrx_word' id='word_1_258' title='bbox 478 2515 691 2579; x_wconf 89' lang='lat' dir='ltr'>suscepit</span> <span class='ocrx_word' id='word_1_259' title='bbox 725 2515 1018 2563; x_wconf 90' lang='lat' dir='ltr'>Aristoteles</span> <span class='ocrx_word' id='word_1_260' title='bbox 1055 2516 1106 2562; x_wconf 89' lang='lat' dir='ltr'>in</span> <span class='ocrx_word' id='word_1_261' title='bbox 1145 2515 1523 2562; x_wconf 88' lang='lat' dir='ltr'>celebratissimo</span> <span class='ocrx_word' id='word_1_262' title='bbox 1565 2514 1620 2561; x_wconf 93' lang='lat' dir='ltr'>li-</span> 
     </span>
     <span class='ocr_line' id='line_1_36' title="bbox 131 2579 1622 2645; baseline -0.002 -16"><span class='ocrx_word' id='word_1_263' title='bbox 131 2581 276 2637; x_wconf 88' lang='lat' dir='ltr'>bello,</span> <span class='ocrx_word' id='word_1_264' title='bbox 313 2589 579 2629; x_wconf 90' lang='lat' dir='ltr'>correctam</span> <span class='ocrx_word' id='word_1_265' title='bbox 617 2580 814 2645; x_wconf 92' lang='lat' dir='ltr'>quidem</span> <span class='ocrx_word' id='word_1_266' title='bbox 854 2581 1029 2645; x_wconf 88' lang='lat' dir='ltr'>passim</span> <span class='ocrx_word' id='word_1_267' title='bbox 1070 2598 1098 2628; x_wconf 88' lang='lat' dir='ltr'>a</span> <span class='ocrx_word' id='word_1_268' title='bbox 1137 2597 1201 2637; x_wconf 90' lang='lat' dir='ltr'>se,</span> <span class='ocrx_word' id='word_1_269' title='bbox 1239 2597 1408 2629; x_wconf 85' lang='lat' dir='ltr'>verum</span> <span class='ocrx_word' id='word_1_270' title='bbox 1449 2597 1510 2628; x_wconf 93' lang='lat' dir='ltr'>ne</span> <span class='ocrx_word' id='word_1_271' title='bbox 1552 2579 1622 2627; x_wconf 88' lang='lat' dir='ltr'>sic</span> 
     </span>
     <span class='ocr_line' id='line_1_37' title="bbox 134 2645 1621 2711; baseline -0.002 -16"><span class='ocrx_word' id='word_1_272' title='bbox 134 2647 329 2710; x_wconf 90' lang='lat' dir='ltr'>quidem</span> <span class='ocrx_word' id='word_1_273' title='bbox 354 2647 661 2711; x_wconf 84' lang='lat' dir='ltr'>explicatam,</span> <span class='ocrx_word' id='word_1_274' title='bbox 698 2655 754 2695; x_wconf 91' lang='lat' dir='ltr'>ut</span> <span class='ocrx_word' id='word_1_275' title='bbox 778 2648 955 2711; x_wconf 89' lang='lat' dir='ltr'>cuique</span> <span class='ocrx_word' id='word_1_276' title='bbox 986 2647 1155 2711; x_wconf 91' lang='lat' dir='ltr'>generi</span> <span class='ocrx_word' id='word_1_277' title='bbox 1191 2646 1473 2695; x_wconf 86' lang='lat' dir='ltr'>Carminum</span> <span class='ocrx_word' id='word_1_278' title='bbox 1509 2645 1621 2693; x_wconf 84' lang='lat' dir='ltr'>satis</span> 
     </span>
    </p>
   </div>
   <div class='ocr_carea' id='block_1_3' title="bbox 132 2775 1623 2993">
    <p class='ocr_par' dir='ltr' id='par_1_4' title="bbox 132 2775 1623 2993">
     <span class='ocr_line' id='line_1_38' title="bbox 175 2775 1621 2820; baseline -0.001 -11"><span class='ocrx_word' id='word_1_279' title='bbox 175 2788 195 2808; x_wconf 85' lang='lat' dir='ltr'>a</span> <span class='ocrx_word' id='word_1_280' title='bbox 215 2777 269 2808; x_wconf 85' lang='lat' dir='ltr'>De</span> <span class='ocrx_word' id='word_1_281' title='bbox 287 2777 410 2809; x_wconf 81' lang='lat' dir='ltr'>Socrate</span> <span class='ocrx_word' id='word_1_282' title='bbox 425 2778 557 2820; x_wconf 85' lang='lat' dir='ltr'>insignis</span> <span class='ocrx_word' id='word_1_283' title='bbox 573 2778 658 2809; x_wconf 82' lang='lat' dir='ltr'>locus</span> <span class='ocrx_word' id='word_1_284' title='bbox 673 2785 719 2809; x_wconf 86' lang='lat' dir='ltr'>est</span> <span class='ocrx_word' id='word_1_285' title='bbox 734 2778 766 2808; x_wconf 86' lang='lat' dir='ltr'>in</span> <span class='ocrx_word' id='word_1_286' title='bbox 784 2779 928 2817; x_wconf 88' lang='lat' dir='ltr'>Xenoph.</span> <span class='ocrx_word' id='word_1_287' title='bbox 947 2778 1121 2809; x_wconf 84' lang='lat' dir='ltr'>Memorab.</span> <span class='ocrx_word' id='word_1_288' title='bbox 1140 2779 1166 2809; x_wconf 94' lang='lat' dir='ltr'>I.</span> <span class='ocrx_word' id='word_1_289' title='bbox 1182 2782 1211 2809; x_wconf 81' lang='lat'>3.</span> <span class='ocrx_word' id='word_1_290' title='bbox 1228 2781 1256 2810; x_wconf 88' lang='lat'>7.</span> <span class='ocrx_word' id='word_1_291' title='bbox 1301 2779 1351 2809; x_wconf 86' lang='lat' dir='ltr'>Ex</span> <span class='ocrx_word' id='word_1_292' title='bbox 1368 2777 1501 2809; x_wconf 83' lang='lat' dir='ltr'>Platone</span> <span class='ocrx_word' id='word_1_293' title='bbox 1516 2775 1621 2815; x_wconf 85' lang='lat' dir='ltr'>plures</span> 
     </span>
     <span class='ocr_line' id='line_1_39' title="bbox 133 2819 1623 2870; baseline -0.001 -20"><span class='ocrx_word' id='word_1_294' title='bbox 133 2819 240 2870; x_wconf 71' lang='lat' dir='ltr'>laudat</span> <span class='ocrx_word' id='word_1_295' title='bbox 256 2821 416 2852; x_wconf 85' lang='lat' dir='ltr'>Schowius</span> <span class='ocrx_word' id='word_1_296' title='bbox 431 2822 471 2852; x_wconf 85' lang='lat' dir='ltr'>ad</span> <span class='ocrx_word' id='word_1_297' title='bbox 487 2821 646 2853; x_wconf 84' lang='lat' dir='ltr'>Heraclid.</span> <span class='ocrx_word' id='word_1_298' title='bbox 665 2821 770 2863; x_wconf 80' lang='lat' dir='ltr'>Alleg.</span> <span class='ocrx_word' id='word_1_299' title='bbox 786 2833 814 2862; x_wconf 86' lang='lat' dir='ltr'>p.</span> <span class='ocrx_word' id='word_1_300' title='bbox 830 2825 901 2852; x_wconf 80' lang='lat'>223.</span> <span class='ocrx_word' id='word_1_301' title='bbox 918 2822 1031 2862; x_wconf 87' lang='lat' dir='ltr'>quibus</span> <span class='ocrx_word' id='word_1_302' title='bbox 1053 2827 1164 2862; x_wconf 82' lang='lat' dir='ltr'>praeter</span> <span class='ocrx_word' id='word_1_303' title='bbox 1178 2822 1255 2853; x_wconf 85' lang='lat' dir='ltr'>alios</span> <span class='ocrx_word' id='word_1_304' title='bbox 1270 2822 1386 2852; x_wconf 74' lang='lat' dir='ltr'>multos</span> <span class='ocrx_word' id='word_1_305' title='bbox 1401 2819 1562 2850; x_wconf 87' lang='lat' dir='ltr'>addendus</span> <span class='ocrx_word' id='word_1_306' title='bbox 1576 2825 1623 2850; x_wconf 55' lang='grc' dir='ltr'>εἰ</span> 
     </span>
     <span class='ocr_line' id='line_1_40' title="bbox 134 2863 1620 2950; baseline -0.001 -13"><span class='ocrx_word' id='word_1_307' title='bbox 134 2863 521 2949; x_wconf 50' lang='grc' dir='ltr'>Αιὲιὺρἶεέὲὶἳυέ41ζὶζεηῶ</span> <span class='ocrx_word' id='word_1_308' title='bbox 536 2915 610 2940; x_wconf 86' lang='lat' dir='ltr'>sunt</span> <span class='ocrx_word' id='word_1_309' title='bbox 624 2908 770 2942; x_wconf 82' lang='lat' dir='ltr'>studiosis</span> <span class='ocrx_word' id='word_1_310' title='bbox 786 2914 847 2941; x_wconf 83' lang='lat' dir='ltr'>tres</span> <span class='ocrx_word' id='word_1_311' title='bbox 860 2907 931 2940; x_wconf 87' lang='lat' dir='ltr'>libri</span> <span class='ocrx_word' id='word_1_312' title='bbox 947 2908 986 2940; x_wconf 88' lang='lat' dir='ltr'>de</span> <span class='ocrx_word' id='word_1_313' title='bbox 1003 2908 1083 2950; x_wconf 80' lang='lat' dir='ltr'>Rep.</span> <span class='ocrx_word' id='word_1_314' title='bbox 1100 2909 1149 2941; x_wconf 83' lang='lat'>11.</span> <span class='ocrx_word' id='word_1_315' title='bbox 1166 2908 1237 2941; x_wconf 86' lang='lat'>111.</span> <span class='ocrx_word' id='word_1_316' title='bbox 1255 2909 1296 2940; x_wconf 90' lang='lat' dir='ltr'>X.</span> <span class='ocrx_word' id='word_1_317' title='bbox 1311 2906 1449 2939; x_wconf 81' lang='lat' dir='ltr'>maxime</span> <span class='ocrx_word' id='word_1_318' title='bbox 1463 2915 1482 2937; x_wconf 75' lang='lat' dir='ltr'>a</span> <span class='ocrx_word' id='word_1_319' title='bbox 1503 2915 1532 2946; x_wconf 84' lang='lat' dir='ltr'>p.</span> <span class='ocrx_word' id='word_1_320' title='bbox 1547 2907 1620 2937; x_wconf 82' lang='lat'>603.</span> 
     </span>
     <span class='ocr_line' id='line_1_41' title="bbox 132 2949 605 2993; baseline 0.004 -12"><span class='ocrx_word' id='word_1_321' title='bbox 132 2959 208 2981; x_wconf 88' lang='lat' dir='ltr'>cum</span> <span class='ocrx_word' id='word_1_322' title='bbox 225 2950 274 2982; x_wconf 92' lang='lat'>11.</span> <span class='ocrx_word' id='word_1_323' title='bbox 289 2949 328 2982; x_wconf 88' lang='lat' dir='ltr'>de</span> <span class='ocrx_word' id='word_1_324' title='bbox 342 2951 440 2993; x_wconf 81' lang='lat' dir='ltr'>Legg.</span> <span class='ocrx_word' id='word_1_325' title='bbox 455 2962 474 2983; x_wconf 84' lang='lat' dir='ltr'>a</span> <span class='ocrx_word' id='word_1_326' title='bbox 487 2962 516 2993; x_wconf 88' lang='lat' dir='ltr'>p.</span> <span class='ocrx_word' id='word_1_327' title='bbox 534 2955 605 2985; x_wconf 86' lang='lat'>668.</span> 
     </span>
    </p>
   </div>
  </div>
 </body>
</html>
