1856 3235
667 213 1231 264 PROLEGOMENA.
1622 223 1715 264 153

214 350 422 407 dicibus,
463 346 627 412 quales
667 347 816 410 vulgo
853 352 1138 403 occurrunt,
1175 343 1329 392 fretus
1370 345 1706 410 conjecturam

213 415 431 480 quamvis
466 412 772 476 sagacissime
819 419 1065 468 exerceat,
1099 411 1151 457 in
1187 410 1354 458 multis
1396 420 1613 460 veterem
1647 429 1707 461 ac

210 495 490 546 germanam
531 477 819 541 scripturam
860 484 1157 541 assequatur.
1228 476 1356 523 Nam
1397 484 1453 523 ut
1487 478 1537 524 in
1561 479 1707 526 rebus

203 545 483 611 judicandis
506 543 782 591 tabularum
807 551 856 590 et
878 542 1150 590 litterarum
1172 542 1428 606 penuriam
1452 542 1708 606 ingenium

213 626 525 673 compensare
549 608 739 656 nullum
761 616 947 672 potest3
985 608 1053 655 ita
1092 607 1327 655 acerrima
1350 607 1453 671 ejus
1477 609 1567 667 vis,
1605 625 1705 657 non

211 683 480 739 temperata
504 682 555 722 et
577 675 778 722 subacta
801 674 994 721 assiduo
1017 691 1109 721 usu
1144 672 1397 731 librorum,
1438 674 1490 720 in
1513 674 1707 722 histori-

211 742 279 789 cis
304 749 354 788 et
371 741 554 796 criticis
578 741 723 788 rebus
756 738 936 787 frustra
958 739 1159 787 laborat.
1231 739 1428 804 Quippe
1461 739 1539 786 hae
1563 746 1708 787 utrae-

210 823 304 870 que
328 823 403 854 res
427 806 580 870 magis
604 805 801 853 nomine
826 822 970 868 quam
993 821 1175 869 genere
1212 805 1340 852 inter
1366 822 1421 853 se
1455 804 1707 864 differunt,

209 888 303 920 nec
328 872 528 920 diversis
552 879 783 919 tenentur
798 869 1057 934 judicandi
1080 870 1277 934 regulis.
1347 871 1523 934 Itaque
1555 878 1613 919 ut
1635 872 1707 918 in-

208 937 427 1002 genium,
452 937 581 985 sicut
613 954 699 1000 par
735 945 825 994 est,
862 936 1244 984 membranaceis
1285 936 1523 985 thesauris
1557 937 1706 1001 longe

208 1002 454 1067 praeferas,
472 1003 736 1066 plurimum
751 1010 915 1049 tamen
939 1003 1144 1050 interest
1167 1001 1316 1065 ipsius
1340 1003 1544 1066 ingenii,
1561 1019 1706 1067 quam

208 1068 442 1133 plurimos
468 1068 664 1116 codices
703 1068 989 1131 comparari,
1025 1084 1232 1131 quorum
1269 1069 1559 1116 testimoniis
1575 1069 1708 1132 judi-

209 1134 339 1182 cium
365 1134 427 1182 de
451 1151 564 1181 vera
585 1133 799 1181 lectione
830 1134 1033 1191 nitatur,
1058 1141 1108 1181 et
1131 1133 1296 1181 multis
1320 1135 1476 1182 modis
1508 1135 1708 1199 adjuve-

207 1206 288 1247 tur
309 1200 563 1247 divinatio.
635 1200 799 1255 Quare
825 1216 921 1262 quo
949 1199 1255 1262 frequentius
1291 1200 1499 1263 scriptor
1532 1200 1707 1264 aliquis

207 1265 270 1312 ad
295 1265 521 1313 codicum
549 1264 858 1312 collationem
881 1273 1084 1312 vocatus
1109 1273 1199 1323 est,
1225 1281 1283 1312 eo
1308 1267 1460 1329 magis
1476 1266 1612 1330 justa
1625 1265 1708 1313 illa

208 1340 259 1378 et
283 1338 509 1378 constans
545 1331 765 1378 recensio
796 1330 960 1378 locum
997 1330 1165 1378 habet:
1202 1331 1253 1377 in
1279 1331 1484 1390 caeteris,
1510 1333 1593 1396 qui
1625 1332 1707 1379 ad-

207 1395 306 1443 huc
330 1396 578 1459 paucitate
602 1396 926 1444 subsidiorum
949 1396 1189 1455 laborant,
1218 1397 1350 1444 haud
1374 1397 1475 1445 scio
1499 1414 1561 1444 an
1585 1397 1707 1445 mul-

207 1461 485 1525 tiplicandis
526 1470 775 1509 textorum
797 1461 964 1509 formis
1004 1462 1111 1510 haec
1147 1462 1325 1520 studia,
1363 1463 1506 1510 nimis
1529 1480 1618 1527 per
1654 1480 1705 1512 se

206 1543 426 1590 operosa,
449 1527 779 1591 impediantur
801 1528 964 1591 potius
990 1544 1134 1590 quam
1167 1536 1416 1576 ornentur.
1489 1529 1549 1575 In
1584 1529 1707 1577 tales

204 1607 382 1655 nempe
406 1593 661 1654 recognitio
697 1593 939 1656 quaedam,
975 1609 1076 1641 non
1116 1594 1218 1642 veri
1256 1594 1466 1642 nominis
1497 1596 1704 1645 recensio

205 1657 382 1707 cadere
406 1657 561 1707 videri
583 1665 760 1723 potest.
1144 1676 1148 1680 ’

913 1860 982 1909 II.

273 1990 370 2039 Sed
395 1990 456 2040 de
480 1990 553 2039 his
577 1991 629 2039 in
653 1992 935 2041 universum
960 2009 1106 2042 nemo
1130 1994 1366 2058 ambigat:
1403 1994 1455 2041 in
1481 1993 1704 2043 Homero

207 2064 388 2115 autem,
439 2057 774 2122 antiquissimo
820 2067 949 2116 vate,
985 2059 1036 2106 id
1077 2060 1236 2123 ipsum
1284 2059 1494 2107 dubitari
1540 2059 1704 2118 video,

205 2122 393 2170 tantine
420 2130 520 2171 tam
544 2140 782 2172 novorum
804 2125 1030 2173 codicum
1057 2126 1321 2173 auctoritas
1357 2124 1584 2173 facienda
1625 2126 1703 2174 sit.

205 2187 335 2235 Nam
354 2188 514 2237 nullus
539 2206 704 2238 eorum
732 2206 794 2238 ne
809 2198 1165 2254 postremorum
1186 2191 1386 2254 quidem
1410 2191 1704 2239 Latinorum

205 2253 496 2317 scriptorum
534 2263 753 2320 tempora
790 2256 1012 2320 attingit;
1049 2257 1194 2320 pauci
1230 2265 1343 2304 sunt
1385 2264 1435 2304 et
1470 2257 1582 2315 rari,
1616 2257 1704 2321 qui

203 2318 325 2366 XII.
364 2319 443 2367 vel
481 2319 572 2368 XI.
613 2322 846 2370 saeculum
887 2322 1145 2370 excedant.
1218 2323 1343 2379 Quae
1388 2322 1629 2370 dubitatio
1665 2323 1706 2370 si

202 2400 309 2432 eam
334 2385 433 2432 vim
458 2385 650 2445 habeat,
689 2395 743 2435 ut
766 2392 914 2452 poeta
937 2388 1074 2436 nobis
1101 2405 1162 2436 ex
1197 2388 1271 2435 his
1295 2387 1513 2436 fontibus
1537 2389 1600 2435 ad
1623 2405 1703 2436 ve-

203 2449 398 2498 ritatem
423 2459 472 2499 et
495 2452 829 2516 integritatem
853 2461 1038 2513 textus,
1062 2455 1274 2518 primum
1299 2454 1466 2502 divino
1490 2453 1593 2518 ejus
1619 2470 1703 2502 ore

201 2514 314 2574 fusi,
363 2517 519 2581 redigi
566 2528 794 2581 nequeat,
828 2519 990 2567 dicam
1031 2520 1254 2584 posthac,
1301 2537 1447 2584 quam
1492 2520 1704 2568 libenter

198 2579 325 2629 hanc
351 2591 533 2630 sectam
557 2585 893 2648 rationemque
938 2602 1127 2649 sequar.
1200 2586 1273 2633 At
1304 2603 1453 2649 quum
1479 2594 1704 2634 veterum

200 2644 433 2695 librorum
456 2648 557 2696 fata
583 2650 765 2714 cogito,
812 2667 1165 2714 nonnunquam
1206 2660 1386 2715 praeter
1412 2668 1546 2716 spem
1570 2668 1703 2715 pros-

199 2727 333 2774 pera,
358 2722 504 2777 atque
529 2716 882 2773 animadverto,
921 2733 1066 2780 quam
1093 2733 1246 2781 prope
1278 2734 1512 2782 germano
1553 2716 1701 2763 nitori

200 2777 418 2826 redditos
443 2779 703 2829 habeamus
730 2782 1062 2841 Herodotum,
1103 2782 1375 2842 Platonem,
1401 2782 1703 2845 Xenophon-

198 2850 318 2900 tem,
343 2843 460 2892 alios
485 2847 575 2894 aevi
600 2847 836 2910 ejusdem,
861 2865 982 2912 quos
1008 2865 1070 2896 ex
1095 2849 1363 2897 eorundem
1396 2849 1703 2895 librariorum

201 2909 429 2958 manibus
469 2914 773 2978 accepimus3
812 2915 902 2962 nisi
945 2914 1073 2963 forte
1104 2915 1376 2980 priscorum
1417 2914 1555 2961 ἀοιδῶν
1598 2929 1704 2977 pes-

246 2986 338 3022 VoL.
365 2988 408 3023 V.
954 2993 988 3028 U
