1856 3235
172 206 191 243 1
201 202 262 244 66
668 190 1062 241 PROLEGOM
1067 190 1227 240 ENA.

165 324 354 388 qualem
377 323 621 386 integrum
643 322 818 371 librum
843 323 1045 370 dicimus
1069 323 1236 370 critico
1260 322 1455 386 quidem
1480 329 1650 371 sensu?

164 389 316 436 Haud
340 405 449 436 eum
473 387 711 451 profecto,
735 389 816 452 qui
840 389 1018 451 absque
1054 388 1234 435 offensa
1267 388 1364 452 legi
1397 389 1564 452 possit,
1599 397 1651 437 et

161 456 336 518 inquo
360 453 480 501 nihil
501 454 562 501 sit
585 453 797 516 eleganti
831 454 1171 501 consuetudini
1205 455 1434 501 sermonis
1469 463 1520 502 et
1541 454 1649 501 reli-

162 520 266 583 quis
284 527 416 567 recte
441 519 680 567 scribendi
703 519 890 582 legibus
914 519 1221 565 contrarium.
1291 518 1362 567 Ut
1385 519 1505 566 nihil
1529 519 1650 583 ejus·

160 585 292 633 modi
317 585 378 632 sit
410 585 464 655 in
486 584 686 648 vulgato
725 591 884 641 textu,
920 600 1018 630 non
1060 584 1292 631 continuo
1328 601 1415 647 pro
1454 602 1575 648 puro
1600 593 1651 633 et

162 651 421 698 emendato
439 649 688 697 habendus
712 649 826 707 erit3
863 649 1011 696 immo
1035 664 1383 712 nonnunquam
1424 652 1485 698 ob
1508 651 1559 698 id
1580 651 1648 714 ip-

159 733 284 774 sum,
307 718 345 763 si
370 714 604 780 ejusmodi
627 714 748 761 nihil
771 714 902 772 insit,
926 722 1065 762 tanto
1087 715 1238 778 magis
1274 731 1505 779 germana
1526 717 1650 764 inte-

158 782 336 846 gritate
359 799 443 828 sua
465 779 713 827 fraudatus
737 797 837 827 esse
872 780 1108 828 videatur.
1179 781 1292 828 Non
1334 780 1503 829 dubito
1525 781 1650 839 fore,

161 849 243 911 qui
279 847 373 894 hoc
413 845 707 894 subabsurde
759 845 853 893 dici
900 846 1173 909 opinentur.
1244 845 1341 894 Sed
1380 847 1417 893 si
1458 854 1650 894 textum

159 914 445 976 scriptorum
469 919 688 959 veterum
724 928 865 974 supra
886 920 1019 959 recte
1043 910 1187 960 retuli
1211 912 1272 959 ad
1294 913 1536 973 fizctorum
1559 913 1651 960 his-

161 980 410 1026 toricorum
434 978 801 1041 spectationem,
824 977 875 1023 in
902 994 960 1025 eo
976 977 1319 1025 constituendo
1343 977 1525 1025 nullam
1549 994 1653 1041 spe-

159 1045 283 1092 ciem
307 1043 652 1107 probabilitatis
695 1059 754 1090 ex
779 1059 921 1089 sensu
945 1043 1199 1107 elegantiae
1233 1043 1447 1101 ductam,
1481 1059 1650 1090 verum

159 1111 308 1173 proba
345 1117 395 1156 et
418 1109 529 1156 satis
564 1108 762 1171 antiqua
785 1108 1074 1171 exemplaria
1112 1109 1434 1172 principatiun
1473 1109 1651 1156 habere

159 1190 356 1222 necesse
396 1182 483 1221 est.
554 1173 728 1236 Longe
765 1182 927 1220 autem
968 1173 1099 1220 aliud
1140 1182 1231 1232 est,
1264 1175 1315 1220 in
1358 1175 1650 1237 optimorum

160 1240 356 1287 testium
381 1239 476 1286 fide
501 1238 764 1302 spectanda
802 1237 935 1302 leges
960 1238 1171 1286 historiae
1206 1239 1504 1302 conjungere
1541 1255 1652 1286 cum

162 1322 251 1351 usu
274 1305 472 1368 linguae,
496 1321 607 1351 cum
645 1320 804 1350 rerum
831 1303 1051 1351 doctrina
1090 1312 1235 1367 atque
1260 1320 1402 1351 sensu
1435 1304 1647 1367 pulchri;

160 1370 309 1427 aliud,
333 1370 425 1416 hoc
449 1369 660 1417 volatico
685 1385 828 1416 sensu
860 1377 1090 1433 tanquam
1114 1369 1316 1417 ventulo
1356 1369 1555 1432 impelli,
1577 1377 1653 1427 ut,

161 1451 462 1499 quaecunque
486 1435 633 1482 lectio
656 1442 861 1482 venusta
885 1442 935 1482 et
958 1435 1213 1482 commoda
1247 1434 1516 1498 objiciatur,
1543 1451 1652 1482 ean-

162 1502 271 1548 dem
295 1517 456 1548 veram
498 1508 547 1548 et
569 1516 848 1564 germanam
873 1517 974 1547 esse
1011 1500 1276 1548 credamus.
1348 1500 1484 1563 Saepe
1523 1500 1651 1547 enim

160 1567 396 1614 severiore
428 1565 634 1629 judicio,
672 1565 804 1629 quod
843 1582 870 1612 a
903 1566 1266 1613 veterrimarum
1308 1566 1650 1613 auctoritatum

160 1632 419 1681 collatione
445 1631 724 1678 ducendum
751 1638 840 1688 est,
876 1630 1020 1694 plane
1046 1630 1266 1688 efficitur,
1293 1647 1349 1677 ea
1373 1647 1540 1678 omnes
1564 1647 1652 1678 nu-

159 1713 315 1745 meros
337 1697 552 1745 veritatis
575 1696 770 1753 habere,
794 1696 844 1742 in
869 1697 1040 1759 quibus
1064 1696 1284 1743 maximae
1318 1695 1513 1744 offensae
1537 1698 1650 1754 sint,

159 1763 250 1811 alia
273 1770 435 1810 autem
458 1762 659 1810 incertae
682 1770 764 1809 aut
788 1761 966 1809 nullius
990 1762 1103 1809 fidei
1128 1778 1247 1822 esse,
1276 1778 1383 1825 quae
1416 1778 1646 1824 perquam

158 1827 393 1893 probabili
417 1836 466 1875 et
489 1827 664 1875 festivo
689 1843 832 1875 sensu
856 1827 1060 1875 niteant.

226 1894 360 1950 Quid
393 1910 527 1952 vero,
563 1894 600 1940 si
624 1910 686 1940 ne
711 1893 872 1941 nitent
895 1893 1090 1957 quidem
1130 1892 1346 1956 vulgata,
1381 1909 1488 1957 quae
1531 1894 1651 1940 anti-

158 1961 378 2024 quiorum
419 1959 650 2007 librorum
689 1959 945 2007 consensui
994 1959 1340 2007 adversantur?
1391 1958 1487 2007 Sed
1536 1958 1650 2006 nolo

158 2026 319 2074 statim
355 2024 458 2089 ejus
487 2025 681 2088 generis
713 2025 936 2088 exempla
965 2024 1201 2089 proferre,
1236 2024 1394 2087 qualia
1407 2024 1509 2087 jam
1535 2024 1648 2071 olim

158 2091 363 2156 qaedam,
427 2092 539 2139 satis
561 2090 788 2155 gravibus
824 2091 885 2138 de
921 2091 1093 2147 causis,
1129 2097 1271 2138 textu
1313 2089 1456 2153 ejeci:
1496 2097 1551 2136 ut
1587 2089 1647 2137 Il.

155 2158 214 2221 β’.
238 2165 348 2204 451.
389 2157 579 2213 ἑκάστου,
614 2155 660 2211 η’.
686 2163 792 2208 337.
829 2158 863 2204 ἐν
903 2157 1038 2219 πεδίῳ,
1073 2155 1132 2203 θ’.
1167 2162 1277 2203 563.
1314 2155 1479 2219 (559.)
1514 2155 1651 2211 σέλας,

155 2223 208 2270 κ’.
234 2231 343 2270 328.
379 2225 501 2286 βάλε,
536 2222 596 2286 μ’.
622 2231 728 2270 343.
766 2226 932 2278 Αἴαντε,
969 2221 1009 2269 ν’.
1036 2228 1146 2269 346.
1182 2222 1441 2282 τετεύχατον,
1465 2221 1512 2276 ξ’.
1543 2227 1649 2267 168.

156 2288 235 2345 τόν,
270 2288 330 2335 π’.
354 2295 465 2336 463.
500 2288 572 2351 μέν
596 2289 834 2336 intrusum
859 2296 972 2336 ante
996 2288 1244 2348 ἀγακλειτόν
1269 2295 1364 2335 etc.
1400 2287 1451 2333 in
1475 2286 1648 2350 quibus

155 2354 334 2403 factam
361 2354 714 2403 correctionem
740 2354 962 2401 Venetus
998 2362 1048 2401 et
1082 2353 1160 2400 alii
1187 2361 1358 2417 postea
1382 2351 1545 2401 collati
1571 2369 1650 2400 co-

157 2420 290 2469 dices
332 2420 634 2468 confirmant.
705 2420 920 2468 Primum
955 2419 1117 2484 potius
1159 2435 1351 2467 causam
1385 2433 1542 2466 meam
1580 2425 1650 2465 te-

155 2487 284 2534 nebo
319 2486 375 2533 iis
411 2485 662 2550 exemplis,
697 2502 901 2550 quorum
925 2486 1043 2534 vitia
1066 2501 1164 2533 non
1189 2484 1417 2533 orationis
1439 2482 1519 2531 vel
1543 2499 1650 2531 sen-

155 2552 325 2601 tentiae
353 2552 609 2616 pravitate,
632 2552 717 2600 sed
741 2551 852 2600 solis
882 2551 1170 2600 testimoniis
1195 2557 1245 2598 et
1281 2549 1572 2598 auctoritate
1596 2548 1650 2596 li-

154 2619 350 2666 brorum
375 2626 659 2682 arguuntur.
720 2618 841 2674 Quis
867 2618 995 2666 enim
1009 2617 1144 2665 verbi
1170 2633 1314 2664 causa
1338 2615 1396 2662 Il.
1422 2614 1476 2662 α’.
1497 2620 1575 2661 91.
1601 2614 1653 2662 ἐν)

154 2687 316 2748 στρατῷ
338 2691 496 2731 mutet
519 2683 569 2730 in
592 2684 800 2744 Ἀχαιῶν,
823 2683 882 2747 β’.
909 2690 1016 2731 865.
1052 2682 1330 2746 Πυλαιμένεος
1352 2681 1403 2727 in
1428 2680 1650 2743 Ταλαιμέ-

156 2769 245 2806 νεος,
270 2749 324 2810 γ’.
350 2758 459 2797 220.
486 2749 657 2812 ζάκοτόν
680 2769 770 2796 τινα
790 2749 957 2812 ἔμμεναι
973 2750 1023 2796 in
1041 2748 1212 2811 ζάκοτόν
1227 2748 1270 2795 τὲ
1289 2748 1358 2794 τιν’
1387 2747 1571 2810 ἔμμεναι,
1597 2745 1647 2792 δ’.

154 2824 267 2863 435.
293 2817 526 2863 ἀκούσασαι
555 2815 604 2862 in
629 2815 867 2871 ἀκούουσαι,
891 2815 933 2862 ε’.
963 2821 1068 2863 159.
1095 2813 1202 2867 υἱοὸς
1215 2814 1265 2861 in
1281 2813 1385 2867 υἷας,
1405 2811 1458 2875 ζ’.
1476 2820 1582 2860 380.
1599 2819 1651 2858 et

157 2890 264 2930 385.
292 2882 551 2944 ἐϋπλόκαμοι
589 2881 638 2928 in
671 2881 947 2944 ἐϋπλόκαμον,
971 2880 1018 2936 η’.
1044 2889 1153 2928 284.
1182 2880 1370 2943 ’Ἕκτορα
1394 2878 1444 2926 in
1460 2879 1647 2941 ’Έκτοξι,
