1856 3235
210 182 299 220 168
704 171 1263 222 PROLEGOMENA.

207 301 378 350 Critici
421 301 594 349 duram
615 309 887 366 putassent,
921 302 1065 351 facile
1107 304 1176 350 ita
1214 303 1368 350 lenire
1407 304 1696 367 potuissent,

205 366 286 431 εὗρε
321 368 353 414 δ’
394 367 552 414 ἔπειτα.
623 368 848 415 Tertium
873 367 975 431 jam
1014 368 1094 415 alii
1129 377 1514 426 summoverunt,
1549 387 1695 433 quem

206 442 256 480 et
297 431 520 479 Eustath.
547 441 598 480 et
620 433 782 496 plures
822 433 937 480 boni
982 433 1124 480 codd.
1163 433 1393 497 rejiciunt
1429 451 1540 482 cum
1577 436 1694 483 edit.

203 498 425 562 principe
466 506 515 546 et
554 499 790 545 Romana.
861 498 1037 560 Neque
1079 507 1250 561 quarto
1284 500 1445 546 versui
1478 498 1597 546 fides
1622 509 1697 549 est

205 563 336 628 apud
373 564 683 611 Eustathium
718 571 769 610 et
814 561 931 609 alios
965 562 1130 620 libros,
1166 563 1249 626 qui
1281 580 1393 611 eum
1416 565 1592 628 partim
1616 565 1697 613 ha-

205 630 346 688 bent*
369 629 607 677 variatum
646 629 697 674 in
739 627 971 685 clausula,
1023 644 1132 690 quae
1178 628 1367 675 scilicet
1414 646 1512 676 non
1554 630 1697 678 simul

205 694 330 742 trahi
363 701 557 758 poterat
591 710 653 740 ex
689 693 749 739 Il.
781 693 840 740 α’.
879 699 989 739 562.
1079 692 1186 740 Hos
1227 693 1377 756 igitur
1420 703 1470 741 et
1510 694 1697 758 aliquot

205 761 320 809 alios
345 777 528 816 versus,
564 759 654 806 etsi
688 758 886 806 minime
921 758 1130 822 ineptos,
1166 775 1311 805 nemo
1345 759 1568 821 profecto
1598 777 1698 808 non

203 825 429 891 rejiculos
452 832 612 888 putet,
647 823 686 870 si
715 841 796 871 eos
822 840 977 887 nuper
1005 824 1389 871 Rhodomannus
1412 823 1588 872 fecerit
1610 834 1698 874 aut

203 891 479 948 Barnesius,
514 893 650 953 (narn
673 889 754 937 hic
785 889 1029 936 interdum
1068 889 1248 952 aliquid
1274 888 1413 936 offert
1436 892 1608 947 οἴκοθεν,
1643 898 1699 939 ut

204 958 320 1018 aitz)
356 965 404 1003 at
428 974 457 1003 a
480 955 680 1018 sepultis
717 955 924 1019 ingeniis
948 954 1123 1002 abhinc
1148 954 1287 1018 plura
1310 954 1487 1002 saecula
1508 955 1699 1018 profec-

205 1031 280 1070 tos
312 1039 410 1069 non
433 1021 601 1068 licebit
623 1019 853 1083 rejicere?
889 1020 1093 1068 Discere
1117 1019 1280 1079 velim,
1311 1037 1406 1084 quo
1422 1020 1534 1084 jure
1558 1021 1697 1070 nobis

206 1088 369 1136 caeteri
393 1086 635 1134 retinendi
660 1086 768 1133 sint.

906 1282 998 1330 IX.

261 1421 413 1468 Aliud
431 1437 586 1484 genus
603 1426 676 1467 est
694 1419 1001 1482 vulgatarum
1019 1417 1286 1466 lectionum
1305 1417 1460 1466 multo
1475 1417 1696 1482 frequen-

204 1485 316 1544 tius,
337 1486 467 1550 quod
489 1486 720 1533 librorum
739 1485 934 1548 quidem
951 1492 1000 1531 et
1023 1485 1362 1532 recensionum
1388 1492 1609 1532 veterum
1629 1501 1697 1531 as-

205 1569 348 1599 sensu
372 1552 570 1598 minime
589 1559 769 1608 careat,
793 1566 886 1597 nec
911 1558 1074 1597 tamen
1093 1549 1170 1597 vel
1187 1558 1384 1612 propter
1400 1566 1540 1596 usum
1555 1549 1698 1612 hujus

203 1621 378 1681 poetae,
388 1616 466 1665 vel
480 1624 679 1680 propter
689 1615 1124 1663 conformationem
1135 1622 1184 1662 et
1193 1624 1413 1662 tenorem
1424 1631 1507 1663 sen
1513 1615 1698 1673 tentiae,

202 1683 280 1730 vel
305 1683 445 1730 aliam
460 1682 607 1730 talem
625 1699 815 1730 causam
842 1698 940 1728 non
957 1680 1299 1744 expellendum
1325 1688 1374 1727 et
1389 1680 1451 1727 ad
1474 1679 1698 1728 meliores

201 1748 348 1797 libros
368 1748 698 1796 revocandum
716 1747 953 1795 videatur.
980 1747 1165 1794 Verum
1181 1747 1231 1792 in
1246 1746 1340 1793 hoc
1356 1762 1555 1810 genere,
1572 1746 1699 1793 sicut

203 1815 348 1862 etiam
367 1815 417 1861 in
440 1814 600 1878 priore
623 1813 724 1871 illo,
750 1813 949 1860 dubium
974 1811 1092 1859 facit
1115 1812 1361 1860 interdum
1384 1811 1587 1875 penuria
1609 1811 1692 1858 bo-

202 1896 377 1928 norum
395 1880 623 1937 fontium,
647 1896 743 1942 quo
760 1878 910 1926 lectio
934 1894 1136 1942 quaeque
1161 1877 1417 1925 referenda
1435 1877 1514 1935 sit,
1532 1884 1696 1924 utrum

201 1946 264 1993 ad
277 1946 513 1994 incuriam
530 1945 857 2002 editorum‚an
876 1944 938 1991 ad
954 1944 1379 2006 codicum,quibus
1393 1942 1461 1989 illi
1476 1942 1550 1989 usi
1566 1951 1697 2000 sunt,

200 2011 419 2075 adeoque
454 2011 666 2074 ipsorum
711 2018 932 2058 veterum
973 2009 1323 2057 auctoritatem.
1393 2008 1465 2056 Ut
1498 2007 1697 2072 vulgata

202 2078 339 2141 Πιεξίῃ
362 2076 421 2140 β’.
446 2083 555 2127 766.
581 2076 714 2123 unde
745 2076 884 2124 nobis
920 2076 972 2122 in
1009 2091 1177 2123 omnes
1215 2074 1353 2122 editt.
1384 2073 1591 2131 venerit,
1626 2073 1695 2137 ig-

198 2158 343 2201 noro3
382 2159 540 2206 neque
564 2159 681 2190 vero
717 2159 777 2190 ex
822 2141 1023 2205 Hymno
1064 2141 1115 2187 in
1153 2139 1313 2188 Merc.
1354 2147 1432 2191 70.
1474 2156 1574 2203 sqq.
1613 2147 1697 2186 aut

199 2207 394 2255 aliunde
431 2208 696 2256 defendere
720 2223 931 2271 possum.
1001 2207 1077 2253 lbi
1119 2206 1247 2254 enim
1290 2222 1389 2253 non
1409 2205 1616 2268 pastoris
1638 2205 1697 2251 ab

199 2275 485 2336 Amphryso,
521 2274 607 2321 sed
631 2281 960 2320 armentorum
997 2272 1085 2319 diis
1125 2287 1375 2319 sacrorum
1409 2270 1594 2318 mentio
1621 2269 1691 2316 fit.

199 2339 423 2402 Plerique
463 2347 626 2387 autem
661 2339 776 2386 boni
819 2338 961 2386 codd.
999 2341 1015 2357 ²
1071 2355 1182 2385 cum
1225 2336 1448 2385 Eustath.
1502 2343 1695 2383 servant

198 2422 377 2452 nomen
418 2422 557 2468 paene
592 2405 863 2452 inauditum
898 2404 948 2450 in
989 2403 1304 2467 geographia,
1339 2402 1426 2450 sed
1458 2402 1553 2449 hoc
1588 2401 1693 2464 ipso

197 2471 260 2518 ad
286 2472 646 2534 corruptionem
682 2487 908 2534 pronum,
945 2470 1092 2533 Φηξείῃ
1116 2486 1151 2516 s.
1179 2469 1342 2533 Πηρείῃ,
1375 2467 1522 2531 idque
1562 2466 1696 2514 haud

198 2536 345 2584 dubie
382 2553 441 2584 ex
467 2537 559 2584 hoc
591 2537 702 2584 loco
742 2537 962 2599 praebent
997 2534 1271 2598 Stephanus
1308 2535 1425 2597 Byz.
1453 2540 1504 2580 et
1535 2532 1692 2596 Hesy-

200 2602 335 2649 chius
375 2618 463 2665 pro
502 2602 702 2666 regione
738 2601 1002 2649 Thessaliae
1027 2600 1194 2648 Pheris
1217 2599 1392 2648 vicina.
1463 2597 1560 2646 Sed
1584 2597 1695 2660 alia-

241 2748 257 2765 a
273 2741 429 2772 Nonnulli
445 2751 562 2775 eorum,
587 2748 623 2771 ut
638 2742 788 2777 Venetus,
816 2741 944 2771 initium
961 2746 991 2771 et
1006 2740 1092 2781 quasi
1108 2749 1201 2771 omen
1220 2738 1377 2780 quoddam
1393 2737 1620 2777 depravationis
1634 2738 1690 2767 ha·

197 2786 278 2820 bont,
298 2786 414 2827 Πηερὲῃ.
461 2785 501 2814 In
530 2784 664 2814 Scholiis
679 2784 758 2814 nihil
773 2790 819 2814 est
833 2784 873 2814 ad
889 2785 919 2813 h.
935 2794 971 2819 V„
989 2793 1090 2824 neque
1105 2783 1138 2813 in
1154 2783 1216 2813 illis
1231 2782 1395 2822 vulgatum
1412 2781 1540 2812 affertur
1555 2780 1613 2810 nisi
1629 2789 1695 2809 uno

196 2826 265 2858 loco
283 2829 329 2866 ψ’.
344 2831 418 2858 583.
465 2827 526 2858 Sed
544 2828 626 2857 hanc
641 2827 857 2857 auctoritatem
875 2837 938 2856 non
956 2827 1139 2866 graviorem,
1163 2832 1248 2865 puto,
1265 2835 1361 2866 quam
1379 2824 1542 2860 Macrobii,
1569 2823 1694 2853 habuis-

194 2877 241 2900 set
258 2870 442 2901 Valckenar.
468 2881 561 2912 quem
579 2869 648 2900 vide
664 2869 702 2901 ad
721 2871 871 2900 Ammon.
891 2869 961 2900 ΙΙΙ.
981 2872 1028 2900 12.
