1856 3235
575 209 1137 258 PROLEGOMENA.
1517 217 1611 256 283

118 341 241 391 solet
279 340 589 389 Aristarchus
629 356 728 387 non
753 340 892 388 aliter
932 340 1214 388 tractavisse
1236 339 1524 398 Homerum,
1551 356 1608 388 ac

117 410 240 457 Cato
259 407 340 455 ille
364 405 626 463 Lucilium,
651 405 788 468 cujus
811 407 929 452 male
933 407 1094 467 factos
1126 421 1288 453 versus
1321 409 1604 463 emendabat,

117 483 263 538 atque
304 472 477 520 Varius
518 478 567 517 et
607 471 777 519 Tucca
816 471 1011 535 Virgilii
1049 470 1392 535 imperfectum
1432 478 1609 536 poema

117 538 371 588 tractaturi
404 536 625 592 fuissent,
659 537 751 584 nisi
774 538 1025 585 morientis
1049 537 1261 585 amiciet
1284 537 1500 602 Augusti
1525 555 1606 586 vo-

114 605 274 653 luntas
296 602 645 650 intercessisset
662 607 695 649 ³.

186 669 380 732 Quippe
420 667 505 714 illo
547 667 836 716 Graecorum
877 685 997 725 aevo,
1038 669 1254 733 quamvis
1294 668 1346 715 in
1388 669 1607 717 minutiis

121 733 426 801 grammatici
450 734 642 796 generis
667 735 1057 798 occupatissimo,
1078 751 1178 783 non
1201 735 1366 798 potuit
1384 751 1484 782 non
1500 735 1607 783 vilis

119 810 168 849 et
193 799 369 848 eruditi
390 799 601 846 hominis
636 801 862 848 acumine
895 817 1065 864 parum
1106 801 1255 864 digna
1293 800 1459 848 haberi
1499 800 1606 849 haec

119 883 235 915 cura
257 866 405 913 libros
430 864 680 913 dividendi
704 867 754 912 in
779 874 955 929 partes,
990 866 1306 930 praeponendi
1331 867 1603 923 summaria,

118 932 313 981 codices
331 931 458 978 inter
502 947 552 978 se
594 932 921 995 comparandi,
958 931 1262 980 librariorum
1299 933 1478 980 menda
1516 932 1606 980 tol-

115 998 269 1056 lendi,
315 996 553 1045 vocabula
598 998 747 1061 signis
797 997 1169 1047 distinctionum
1210 1006 1261 1046 et
1310 1006 1604 1046 accentuum

117 1063 335 1119 notandi,
374 1071 424 1110 et
464 1063 503 1110 si
527 1080 621 1126 qua
645 1063 737 1110 alia
773 1071 901 1120 sunt,
945 1081 1054 1128 quae
1093 1064 1270 1128 partim
1301 1065 1609 1127 assignantur

116 1129 471 1179 Grammatistis.
526 1130 608 1176 Ab
631 1128 704 1176 his
729 1129 944 1177 diversos
977 1138 1170 1178 constat
1192 1130 1339 1178 fuisse
1365 1132 1608 1179 Gramma-

120 1197 249 1254 ticos,
272 1196 532 1243 verborum
557 1202 608 1242 et
639 1195 992 1243 sententiarum
1017 1196 1324 1259 interpretes,
1357 1213 1413 1244 ac
1451 1197 1608 1245 multo

120 1262 274 1326 magis
316 1277 415 1318 θος,
462 1260 545 1324 qui
591 1278 619 1308 a
663 1260 910 1308 nonnullis
946 1261 1221 1309 subtiliores
1263 1270 1314 1310 et
1347 1262 1608 1311 nobiliores

119 1327 438 1376 Grammatici
472 1334 711 1375 vocantur
726 1336 761 1383 b,
799 1327 1006 1384 Criticos,
1035 1344 1240 1391 quorum
1265 1344 1442 1375 munus
1487 1336 1607 1388 erat,

119 1393 461 1442 auctoritatem
498 1401 548 1440 et
587 1393 831 1453 γνησιότητα
862 1401 1084 1441 veterum
1127 1394 1416 1457 scriptorum
1441 1395 1608 1458 exqui-

117 1476 240 1516 rere,
284 1467 335 1506 et
371 1475 457 1506 sua
492 1459 670 1521 cuique
710 1458 974 1515 vindicare,
1000 1459 1212 1506 maxime
1249 1475 1366 1508 vero
1402 1460 1610 1508 virtutes

121 1525 316 1573 illorum
355 1532 405 1572 et
445 1524 563 1571 vitia
601 1541 905 1588 percensere,
948 1533 1004 1572 ut
1041 1524 1287 1573 discerent
1344 1525 1610 1586 auditores,

121 1591 240 1655 quid
279 1590 330 1637 in
370 1591 428 1636 iis
468 1590 776 1648 imitandum,
815 1590 934 1654 quid
972 1591 1098 1639 veris
1140 1591 1386 1639 scribendi
1419 1591 1610 1656 legibus

121 1655 420 1705 contrarium
461 1663 602 1703 esset.
674 1655 766 1703 Illa
800 1664 875 1704 est
906 1658 929 1711 ἡ
968 1661 1043 1704 τῶν
1086 1657 1218 1717 λόγων
1263 1658 1402 1721 κρίσις,
1450 1663 1608 1713 πολλῆς

120 1723 260 1786 πείρας
282 1726 512 1769 τελευταῖον
535 1722 795 1785 ἐπιγέννημα,
821 1730 878 1769 ut
900 1722 967 1769 ait
992 1722 1261 1786 Longinus,
1301 1739 1402 1771 non
1425 1722 1532 1771 haec
1557 1724 1610 1772 in

120 1787 425 1837 restituendo
476 1788 693 1851 genuino
733 1787 902 1835 habitu
935 1788 1169 1836 librorum
1207 1797 1258 1837 et
1296 1788 1348 1836 in
1388 1790 1612 1854 aucupiis

119 1853 421 1903 literularum
463 1862 706 1918 occupata
759 1853 998 1902 doctrina.
1069 1855 1146 1902 Ex
1181 1854 1264 1902 illa
1301 1855 1384 1918 qui
1429 1856 1614 1920 Κςιτικοὶ

122 1920 326 1976 Graecis‚
365 1919 514 1967 iidem
554 1919 742 1967 Latinis
769 1920 962 1981 judices
998 1921 1276 1983 scriptorum
1298 1930 1614 1985 usurpantur,

121 1986 458 2049 habenturque
498 1985 549 2032 in
594 1985 689 2034 hoc
729 2001 935 2033 numero
974 1986 1053 2034 vel
1087 1988 1138 2034 in
1185 1986 1351 2051 primis
1393 1987 1442 2044 ii,
1491 2005 1614 2051 quos

120 2068 265 2100 nemo
289 2051 468 2098 dixerit
500 2050 739 2099 laborasse
778 2051 918 2110 illud,
959 2060 1015 2099 ut
1038 2069 1209 2100 manus
1233 2060 1488 2101 auctorum
1517 2054 1614 2102 col-

119 2117 230 2165 latis
250 2117 502 2165 codicibus
522 2133 608 2164 seu
632 2117 914 2181 conjectura
933 2118 1238 2182 indagarent,
1264 2118 1391 2166 sicut
1408 2120 1614 2168 Maecius

122 2183 298 2247 Tarpa,
325 2181 598 2230 fabularum
641 2183 813 2231 Romae
836 2184 886 2230 in
928 2184 1318 2232 commissionem
1351 2185 1614 2249 producta-

120 2266 229 2297 rum
255 2248 447 2296 auditor
471 2249 832 2313 aestimatorque
847 2256 880 2297 ⁶.

187 2314 296 2362 Tali
319 2314 470 2378 igitur
494 2315 835 2364 emendatione
851 2315 928 2364 vel
952 2317 1113 2380 potius
1138 2333 1344 2366 censura
1362 2325 1615 2367 certarunt

160 2459 179 2479 a
201 2447 374 2479 Notissima
399 2455 445 2478 est
470 2448 596 2479 historia
619 2459 657 2480 ex
683 2449 803 2480 Donati
827 2450 903 2482 vita
929 2451 1015 2492 Virg.
1040 2453 1071 2493 §.
1095 2455 1145 2484 52.
1173 2457 1224 2485 59.
1247 2460 1279 2485 et
1299 2454 1419 2486 lusibus
1439 2455 1613 2495 po'esstarum.

121 2492 176 2565 {ld
189 2501 256 2541 rem
272 2501 336 2522 non
351 2492 434 2521 male
450 2498 630 2533 congruunt
644 2503 749 2523 versus
763 2494 901 2535 Eugenii
917 2495 1009 2526 Praef.
1023 2495 1064 2526 ad
1080 2495 1245 2527 Dracontii
1268 2497 1425 2529 Hexa‘ezm.
1439 2508 1458 2529 a
1472 2499 1615 2531 Fabricio

119 2545 137 2565 a
162 2541 217 2566 au:

250 2624 372 2660 Quodsi
388 2625 553 2666 Virgilius,
577 2631 608 2656 et
622 2632 729 2657 vatum
743 2637 894 2663 summus
919 2628 1090 2665 Homerus,

251 2669 417 2698 Censuram
433 2679 568 2700 meruere
587 2680 694 2700 novam
706 2670 853 2710 posefaea
869 2672 978 2706 subire,

251 2709 357 2745 Quam
383 2711 438 2741 dat
455 2712 662 2749 Aristarchus,
686 2713 801 2749 Tucca,
826 2714 1011 2756 Variusque,
1035 2715 1273 2757 Probusque—

163 2798 184 2827 b
207 2799 411 2836 Δοκιμότατω
426 2803 630 2844 Γραμματικοὶ
645 2802 727 2842 apud
745 2803 861 2834 Athen.
886 2803 955 2834 ΙΙΙ.
978 2813 1007 2843 p.
1027 2808 1095 2837 116.
1111 2805 1153 2837 D.
1178 2807 1250 2841 Τινὲς
1275 2806 1421 2849 Κριτικῦν,
1445 2805 1461 2836 δ’
1484 2806 1558 2837 ἔστιν
1579 2809 1614 2838 ἆ-

122 2842 303 2883 κριβιστὶρων
318 2846 542 2885 Γραμματικόν.
587 2846 729 2876 Eustath.
751 2856 782 2885 p.
806 2849 875 2877 773.

163 2893 181 2913 c
204 2884 269 2915 Cic.
286 2885 367 2924 Epp.
383 2886 423 2917 ad
439 2888 549 2918 Famil.
566 2888 649 2919 VII.
669 2892 694 2919 1.
720 2889 799 2919 Hor.
822 2890 920 2920 Serm.
949 2890 974 2921 I.
1003 2894 1050 2921 10.
1074 2894 1125 2922 58.
1154 2892 1194 2922 A.
1219 2892 1257 2922 P.
1284 2894 1356 2922 587.
1403 2891 1453 2922 Ibi
1479 2891 1615 2923 eundem

123 2925 259 2966 Tarpam
278 2928 457 2959 Scholiastae
475 2931 628 2961 Criticum
656 2938 686 2962 et
711 2932 952 2968 emendatorem,
976 2938 1014 2968 et,
1038 2934 1123 2975 quod
1149 2934 1244 2966 modo
1268 2934 1367 2974 posui,
1391 2945 1523 2967 severum
1545 2938 1616 2968 doc-

120 2975 242 3009 tumque
264 2973 433 3003 auditorem
453 2979 481 3003 et
496 2976 709 3007 aestimatorem
728 2977 906 3007 Carminum
932 2983 1050 3008 vocant.
