1856 3235
591 197 1122 248 ΕΠΙΓΡΑΜΜΑΤΑ.

1502 197 1606 248 129

251 347 392 418 Δεῧξ’
419 343 503 410 οἵγ’
530 344 775 406 Ἀθηναίη,
803 343 883 395 καὶ
906 342 1112 414 ὑπείρεχε
1138 347 1278 415 χεῖξοι
1302 343 1487 412 καμῖνε.

251 419 324 473 E3
348 418 394 471 δὲ
421 421 691 488 μελανθεῗεν
718 417 917 479 κότυλοι,
943 418 1024 468 καὶ
1050 418 1202 468 πάντα
1228 419 1440 487 nands-ga

257 492 542 566 CngzSZvoec'
564 515 610 544 τε
639 494 808 550 καλῶς,
837 492 916 544 καὶ
938 494 1069 561 τιμῆς
1097 488 1192 542 {ivor
1217 488 1437 562 ἅζεο-θαι,

183 570 219 620 5
256 568 432 619 Πολλοὶ
456 565 538 636 μὲν
566 568 620 618 εἰν
647 569 793 638 ἀγοξῇ
818 564 1095 635 πωλεύμενοι,
1124 565 1284 617 πολλοὶ
1312 563 1346 616 δ’
1377 567 1581 630 ἀγυιαῖς,

1011 639 1022 656 Χ
1067 638 1089 658 el

252 641 430 693 Πολλοὶ
457 639 503 693 δὲ
529 640 747 712 κεξδῆνοοι·
777 642 877 710 ἡμῖν
903 639 949 692 δὲ
978 639 1028 698 δη
1055 664 1107 699 ως
1136 652 1216 705 σφι
1244 642 1409 698 νοῆσοιι.

238 715 333 768 ’“Ην
361 715 396 767 δ’
427 715 489 766 ἐπ’
518 714 736 774 ἀναιδείην
763 713 1025 786 τρεφὲτὲντες
1053 713 1202 780 ψεύδη
1229 712 1428 787 cigno-32,

566 787 622 807 ΙΙΙ

246 787 506 855 Συγκαλὲω
531 789 582 848 δη
621 811 757 840 πειτοι
782 812 954 858 κοομινῳ

893 789 906 806 Ι

981 789 1247 860 δηλητῆξοος·
1502 789 1600 861 [την

244 864 453 936 Σύντξιβ
478 863 592 933 ὁμῶς
613 862 868 936 Σμάξοογὸν
888 886 935 915 τε
953 861 1277 927 καὶ”Αο-βετον
1300 861 1372 922 ἠδὲ
1397 863 1598 927 Σαβάκ-

137 943 206 993 10
236 937 528 1008 .Ὠμὸδοομο’ν
555 939 623 1000 θ’,
651 935 695 996 ὃς
723 937 826 1010 τῇδε
855 936 988 1010 τέχνῃ
1016 938 1148 990 κακοὶ
1174 937 1339 990 πολλοὶ
1366 937 1546 1010 πορίζει,

244 1011 402 1086 Πὲςθε
428 1010 526 1086 πός’
554 1011 761 1065 αἴδεο-αν
788 1012 868 1065 καὶ
897 1012 1110 1083 δώματα·
1137 1010 1212 1065 σὺν
1239 1011 1284 1066 δὲ
1312 1013 1499 1082 κάμινος

241 1167 321 1198 Huc
335 1164 410 1198 ades
425 1175 485 1208 age
501 1166 658 1204 Minerva,
675 1172 706 1198 et
723 1172 814 1198 tuere
828 1166 1010 1199 caminum:

242 1221 382 1253 Pulchre
397 1221 576 1262 nigrescant
594 1221 713 1257 calices
730 1227 762 1252 et
775 1222 884 1252 omnia
898 1222 1035 1253 canistra

242 1275 437 1307 Torreantur
451 1275 589 1316 pulchre,
607 1281 639 1305 et
654 1285 773 1316 magno
788 1275 889 1316 pretio
911 1277 1084 1316 potiantur,

199 1332 221 1362 5
244 1330 413 1371 Multaque
429 1329 605 1360 vendantur
619 1329 653 1359 in
671 1329 748 1367 foro,
764 1329 927 1371 multaque
943 1330 977 1360 in
993 1331 1060 1366 viis,

243 1384 452 1424 Multumque
466 1383 628 1414 lucrentur
642 1383 723 1423 ipsi:
743 1394 801 1415 nos
815 1391 922 1415 autem
938 1385 977 1416 iis
991 1385 1160 1417 concordes
1174 1385 1281 1418 simus.

244 1438 292 1468 At
306 1438 332 1468 si
355 1438 395 1469 ad
409 1437 641 1478 impudentiam
657 1438 737 1468 versi
751 1438 968 1471 mentiamini:

241 1492 330 1523 Tum
344 1503 419 1523 vero
433 1494 612 1524 convocabo
627 1498 796 1524 vastatores
811 1494 940 1530 fornaci,

240 1546 388 1587 Syntriba
402 1546 518 1586 pariter
532 1552 564 1577 et
581 1546 779 1587 Smaragum,
796 1553 828 1577 et
846 1548 1003 1579 Asbetum
1019 1554 1050 1578 et
1067 1548 1233 1579 Sabactem

181 1603 222 1632 10
245 1600 531 1641 Omodamumque,
547 1600 603 1641 qui
619 1600 677 1630 arti
692 1600 868 1640 plurimum
891 1601 968 1632 mali
982 1602 1100 1633 afferat.

243 1655 344 1686 Vasta
355 1655 423 1697 igni
436 1655 591 1696 porticum
606 1661 639 1686 et
654 1654 788 1687 domum
803 1655 913 1697 ipsam,
931 1666 1056 1698 unaque
1071 1656 1216 1688 caminus

132 1785 207 1817 Ver.
221 1790 252 1817 5.
268 1785 311 1818 Εὖ
324 1785 352 1818 δὲ
366 1787 439 1829 eto]
463 1787 589 1825 Pollux,
607 1787 649 1819 X.
666 1790 716 1820 85.
732 1787 821 1819 exhi-

89 1829 151 1866 bet,
176 1828 206 1861 εὖ
229 1828 257 1861 δὲ
287 1832 450 1873 στερηθεῖεν
474 1849 518 1856 --
546 1832 647 1863 mim
674 1833 819 1876 κήνας-ραι·

87 1872 141 1903 De
155 1874 318 1916 φερειν-(δεῖεν
340 1873 503 1905 dubitabat
520 1874 585 1906 Cel.
615 1877 820 1907 Hemsterhu-

87 1917 160 1952 sius,
176 1922 285 1946 utrum
301 1916 414 1947 melius
428 1917 478 1953 sit,
487 1928 528 1948 an
542 1920 720 1958 μελανὸεῖεν,
738 1919 822 1958 quod

88 1965 258 2000 utrumque
272 1960 439 1991 conveniat
453 1961 497 1992 rei
513 1968 544 1991 et
558 1961 635 1997 loco,
651 1961 706 1992 sed
720 1962 822 2003 magis

90 2007 198 2033 tamen
211 2002 342 2033 inclinat
356 2003 396 2034 ad
412 2005 582 2046 περανθεῖεν.
622 2004 704 2035 Mihi
714 2010 821 2035 autem

88 2055 156 2075 non
171 2045 302 2076 dubium
329 2052 386 2085 est,
407 2048 484 2087 quin
509 2047 681 2088 legendum
706 2048 746 2077 sit
760 2060 820 2079 πε·

88 2089 240 2124 πανθεῒεν,
252 2094 288 2118 ut
298 2088 399 2128 placet
411 2090 477 2121 Cel.
495 2093 689 2122 Rultnltenio.
735 2091 821 2120 Nam

88 2130 122 2161 id
139 2138 184 2161 est
197 2132 327 2162 verbum
350 2133 511 2172 proprium
526 2134 559 2163 in
575 2135 633 2164 hac
648 2143 690 2169 re,
706 2138 742 2164 ut
758 2133 821 2163 La-

87 2174 228 2204 tinorum
255 2186 378 2215 coquere
410 2176 495 2216 apud
520 2176 731 2216 Propertium,
764 2177 820 2217 qui

87 2216 129 2247 de
144 2218 316 2248 murrhinis
330 2218 382 2255 ait,
402 2229 468 2250 esse
485 2222 612 2251 Parthis
623 2220 709 2261 focis
724 2226 818 2256 cocta,

88 2259 152 2291 IV.
168 2264 197 2292 5.
210 2265 260 2291 26.
276 2267 306 2291 et
321 2261 441 2296 b'mnm
457 2264 561 2294 σκευᾶἱν
583 2269 628 2293 est
643 2263 727 2302 apud
753 2263 820 2293 Lu.

86 2303 167 2334 cian.
183 2304 217 2333 in
233 2304 391 2336 Prometh.
414 2315 446 2345 p·
463 2309 513 2337 26.
529 2306 567 2337 Τ.
584 2306 613 2337 Ι.
633 2306 747 2337 Suidas
761 2307 817 2336 ha-

89 2347 143 2377 bet
155 2349 335 2390 μαρανθεῖεν.

131 2389 212 2420 Ibid.
229 2392 331 2421 πάντα
356 2391 502 2435 κέναςροι]
528 2392 579 2425 Sic
600 2392 670 2423 sine
694 2392 818 2424 dubita-

88 2432 174 2463 tione
206 2434 329 2472 reposui
361 2445 399 2465 ex
425 2435 536 2465 eodem
571 2435 710 2472 Polluce,
745 2436 765 2467 l.
791 2446 817 2467 c.

87 2475 174 2506 Nam
200 2480 301 2508 πάντα
323 2479 400 2516 μάλ’
424 2479 492 2520 ἱερὰ,
522 2488 592 2518 quae
617 2487 664 2509 est
692 2479 819 2519 vulgata

86 2517 187 2554 lectio,
202 2519 293 2550 nihili
312 2531 387 2556 esse,
403 2527 512 2560 sponte
527 2528 662 2560 apparet,
687 2528 718 2552 et
733 2523 816 2553 Bar-

85 2564 255 2598 nesianum,
281 2565 383 2595 πάντα
408 2566 485 2604 μάλ’
512 2565 588 2606 εὕρω,
613 2564 709 2595 nullis
732 2565 819 2596 libris

86 2604 206 2641 nititur,
231 2615 289 2637 nec
313 2614 479 2638 structurae
511 2607 638 2648 reliquae
669 2606 819 2639 carminis

86 2653 194 2686 aptum
221 2654 277 2679 est.
325 2651 518 2690 Hesychius:
555 2652 702 2693 κρίνας-ρον,
729 2651 814 2694 ὅςμ-

88 2704 145 2726 nov,
164 2691 301 2732 τρύβλιον,
319 2695 413 2724 manib·
429 2700 460 2724 at
475 2693 530 2736 δ’ςρ.
547 2700 578 2724 et
593 2708 636 2736 erg.
653 2700 729 2724 sunt
742 2704 818 2724 sane

86 2732 225 2773 figmina,
250 2742 280 2765 et
297 2737 382 2767 καιῦν
407 2737 560 2777 reperitur
582 2747 619 2767 ex
635 2738 723 2768 omni
749 2747 817 2768 ma-

86 2777 173 2812 teria,
189 2777 283 2807 etiam
300 2785 493 2820 argenteum,
517 2790 581 2811 non
597 2781 691 2811 modo
712 2781 814 2821 ligne-

84 2828 142 2849 um
157 2825 188 2850 et
209 2826 329 2852 textum
352 2832 369 2853 e
391 2823 517 2854 vimine.
566 2824 632 2854 Cel.
662 2826 817 2855 Wesselin-

84 2863 155 2909 gius
182 2863 275 2893 unice
301 2864 407 2896 laudat
432 2868 564 2909 κείνας-ραι
589 2873 619 2898 et
647 2869 816 2910 περανθεΐεν,

86 2911 159 2936 nem
174 2906 296 2948 ebrvgtss’
320 2908 403 2948 ὅμῶς.

175 2961 262 2997 VoL.
288 2963 329 2997 V.

907 1784 983 1821 Ver.
1000 1795 1028 1822 6.
1044 1789 1110 1830 ἡμῖν
1126 1787 1153 1821 δὲ
1169 1788 1201 1823 δὴ
1217 1788 1291 1831 etc.]
1336 1787 1427 1819 Verti
1443 1787 1496 1823 ita,
1513 1792 1551 1817 ut
1564 1785 1605 1817 de

864 1833 1031 1864 concordia
1047 1833 1241 1874 intelligatur
1267 1833 1350 1862 inter
1373 1832 1557 1862 Homerum
1572 1834 1605 1859 et

863 1876 985 1917 figulos,
1013 1883 1045 1908 et
1059 1877 1207 1907 amicitia.
1252 1875 1357 1906 Possis
1380 1881 1486 1905 tamen
1509 1879 1540 1904 et
1561 1871 1604 1902 ad

866 1919 972 1950 Deam
987 1920 1113 1956 referre,
1138 1925 1174 1949 ut
1192 1919 1337 1950 Homero
1358 1927 1447 1958 aeque
1469 1927 1505 1948 ac
1519 1916 1603 1956 figu-

865 1962 904 1993 lis
918 1963 1053 2002 propitia
1067 1963 1117 1993 sit.
1164 1961 1246 1992 Aliis
1267 1960 1360 1992 lectio
1386 1959 1497 1991 vitiosa
1518 1958 1604 1989 vide-

866 2011 935 2043 tui-3
958 2006 1014 2036 sed
1039 2005 1230 2046 conjecturis
1251 2004 1333 2035 nihil
1349 2003 1523 2034 admodum
1548 2012 1603 2033 ex-

865 2048 989 2079 tricant.
1047 2051 1185 2089 Scaliger
1220 2048 1408 2088 corrigebat:
1453 2047 1540 2086 μῆτιν
1572 2043 1602 2075 δί

865 2091 930 2126 Διός
946 2099 999 2131 σφε
1016 2094 1118 2127 νοῆσαι,
1143 2091 1192 2121 vel
1205 2092 1292 2131 μῆτιν
1315 2090 1341 2120 δὲ
1368 2089 1468 2129 Amos
1496 2090 1600 2121 νοῆσαι.

867 2134 982 2165 Suidas
1006 2136 1071 2175 ἡμῖν
1097 2134 1124 2165 δὲ
1151 2134 1192 2170 δὴ,
1218 2134 1255 2168 ὥς
1279 2141 1344 2173 σφιν
1369 2135 1480 2164 ἀεῖσαι.·
1514 2132 1601 2162 nobis

863 2183 965 2208 autem
980 2180 1138 2217 contingat
1151 2183 1186 2208 ut
1200 2178 1275 2217 ipsis
1291 2186 1412 2214 canere,
1420 2173 1505 2216 quod
1520 2184 1600 2214 prae.

863 2220 924 2251 fert
940 2223 1123 2252 Barnesius.

907 2265 982 2294 Ver.
998 2267 1028 2295 8.
1046 2262 1229 2305 Συγκαλέω]
1246 2262 1326 2293 Mel.
1346 2260 1533 2302 συγκαλέσαι.

905 2305 979 2337 Ver.
997 2311 1025 2338 9.
1041 2306 1190 2350 Σύντριιῖ]
1214 2306 1321 2336 Etiam
1345 2306 1404 2336 hoc
1418 2312 1465 2335 est
1480 2313 1598 2334 nomen

862 2349 1025 2390 proprium
1056 2350 1197 2380 effictum
1228 2359 1266 2380 ex
1303 2358 1419 2389 genere
1451 2346 1596 2378 nocendi.

863 2394 998 2437 Σύντςιψ
1032 2399 1088 2429 est,
1120 2394 1174 2433 qui
1201 2392 1373 2432 confringit
1404 2401 1440 2421 ac
1464 2389 1599 2421 commi-

862 2437 943 2471 nuit,
969 2435 1010 2467 ad
1035 2436 1215 2476 analogiam
1243 2434 1379 2465 aliorum
1405 2433 1597 2473 composito·

862 2489 935 2509 rum
961 2489 979 2509 e
1003 2480 1097 2510 verbo
1133 2480 1223 2523 τςίβω
1254 2484 1285 2508 et
1316 2477 1526 2512 substantivis,
1561 2476 1596 2506 in

861 2523 975 2563 quibus
990 2528 1021 2552 et
1037 2522 1155 2562 syllaba
1175 2535 1219 2564 τρι
1241 2521 1414 2560 corripitur,
1438 2526 1475 2550 ut
1489 2520 1523 2549 in
1538 2521 1597 2550 tri-

861 2567 960 2597 bades.
1007 2566 1152 2602 Ἀσβετος
1183 2574 1276 2604 porro
1300 2570 1347 2594 est
1372 2573 1428 2603 pro
1461 2564 1594 2598 ἄσβες-ος,

861 2608 974 2639 extrito
989 2622 1015 2641 σ,
1039 2614 1075 2638 ut
1089 2613 1192 2638 metro
1213 2607 1436 2641 consuleretur,
1460 2606 1544 2646 quod
1559 2605 1593 2652 in

860 2651 1045 2682 nominibus
1060 2650 1176 2681 fictitiis
1202 2650 1269 2681 fieri
1286 2660 1383 2690 posse,
1406 2649 1458 2678 vix
1483 2657 1593 2689 negari

860 2700 978 2734 potest.
1026 2695 1140 2735 ltaque
1165 2704 1231 2724 non
1246 2703 1325 2733 opus
1349 2699 1395 2724 est
1409 2701 1483 2722 cum
1507 2694 1591 2722 Bar-

859 2741 941 2769 nesio
956 2747 1108 2777 reponere
1116 2737 1270 2774 '‘Acssoaov.
1304 2735 1402 2767 MSS.
1418 2735 1504 2764 Vitae
1521 2733 1592 2763 Ho-

858 2781 939 2811 meri
953 2781 1102 2811 exhibent
1118 2780 1164 2814 ἠδέ
1187 2783 1217 2820 νγ·
1233 2780 1394 2816 ''Anaxa-02,
1422 2776 1505 2818 quod
1525 2775 1592 2807 Cel.

868 2826 1076 2864 Wesselingius
1101 2823 1322 2863 interpretatur
1346 2821 1546 2854 detestabilem
1575 2829 1593 2847 c

864 2867 985 2899 Glossis
1001 2869 1154 2908 Hesychii
1168 2872 1199 2898 et
1215 2868 1334 2906 Cyrillz'.

891 2967 925 3002 R*
