1856 3235
616 215 1180 265 PROLEGOMENA.
1557 230 1649 270 223

170 352 233 399 tis
256 351 307 398 in
329 349 445 397 10013
468 347 627 395 fuerat
652 363 794 410 quam
824 346 1025 410 Ulyssis,
1062 346 1240 394 nullius
1278 353 1376 396 tam
1413 351 1652 399 mirabiles

176 424 304 463 terra
326 414 538 486 marique
563 429 699 460 casus
725 420 774 459 et
795 411 1003 459 ludibria
1033 411 1243 460 fortunae
1280 413 1405 461 fama
1442 417 1658 480 divulga-

175 488 325 536 verat,
361 487 415 525 ut
447 478 558 541 jure
598 477 745 526 liceat
782 477 1028 541 suspicari,
1064 485 1250 526 tantam
1292 481 1478 552 copiam
1516 482 1660 545 hujus

173 545 364 617 generis
389 543 670 591 Carminum
705 544 767 591 de
807 543 901 591 alio
937 543 1072 591 nullo
1114 544 1391 608 suppetiise.
1460 546 1569 594 Jam
1610 554 1660 595 et

174 611 255 658 hic
279 609 401 658 etin
427 608 580 657 Iliade
619 626 676 657 eo
712 608 813 657 feie
855 609 1009 656 omnis
1048 609 1176 657 ledit
1216 609 1470 666 dubitatio,
1508 629 1582 669 an,
1620 614 1660 660 si

179 692 240 724 ex
263 682 369 722 toto
408 682 614 738 quatuor
654 674 731 723 vel
767 675 979 748 quinque
1019 675 1221 739 majores
1261 648 1539 738 rhapsodias
1578 695 1660 725 ex-

171 740 422 804 empseris,
459 757 849 814 unamquamque
873 741 1017 787 trium
1041 740 1314 804 pluiiumve
1338 741 1584 798 111110111111,
1610 744 1661 789 111

173 806 231 853 113
277 822 490 853 seorsum
529 807 696 869 positis
739 805 841 868 ejus
887 823 1100 862 summae,
1138 823 1281 869 quam
1322 823 1453 854 nunc
1495 824 1662 856 omnes

171 871 478 945 admiramur,
515 871 719 935 vestigia
741 871 819 918 vel
861 873 1200 919 tantummodo
1237 872 1432 920 vincula
1471 890 1660 937 magnae

168 937 418 1001 compagis
444 937 667 1000 primitus
680 936 949 1000 designatae
973 937 1091 1000 dep1
1094 937 1320 985 ehendas
1380 939 1492 985 §cio
1517 956 1661 1002 quam

171 1002 365 1051 difficile
399 1003 476 1059 sit,
515 1001 832 1050 Aristotelem
858 1010 908 1050 et
942 1010 1142 1050 caetelos
1183 1003 1442 1066 sciiptores
1482 1006 1660 1052 artium

109 1102 113 1110 ·
169 1068 402 1124 oblivisci,
439 1068 523 1132 qui
546 1068 700 1116 multo
723 1075 848 1131 post,
886 1085 1029 1132 quam
1063 1077 1222 1132 partes
1258 1069 1332 1116 hae
1355 1069 1557 1118 firmiter
1582 1088 1661 1119 co-

169 1134 403 1190 aluerant,
439 1134 555 1182 inde
578 1141 824 1207 plaecepta
860 1151 946 1187 sua
984 1134 1253 1182 duxerunt:
1292 1142 1342 1182 at
1379 1135 1547 1198 quidni
1580 1136 1658 1200 ju-

172 1200 387 1248 cundum
412 1200 489 1256 sit,
515 1200 664 1248 semel
689 1208 740 1248 et
755 1200 932 1247 iterum
953 1216 1014 1247 ex
1032 1199 1221 1247 illalum
1246 1201 1659 1274 contemplatione

169 1265 515 1328 antiquissimae
537 1266 695 1329 poesis
731 1265 977 1329 specimen
1004 1271 1207 1328 capeio?
1242 1283 1382 1328 quam
1409 1267 1536 1314 intel
1560 1284 1659 1315 om-

170 1348 256 1379 nes
281 1332 512 1380 convenit
541 1331 603 1380 ad
646 1330 917 1379 Homeium
958 1347 1110 1394 usque
1149 1331 1333 1378 nullum
1374 1331 1567 1396 longius
1609 1342 1660 1382 et

168 1396 312 1461 huJus
341 1396 510 1445 formae
550 1414 670 1471 opus
703 1396 1003 1460 piotulissess
1073 1396 1200 1444 Mihi
1234 1397 1446 1460 quidem,
1484 1397 1655 1458 fateor,

167 1463 356 1526 quoties
379 1462 431 1510 in
453 1462 574 1511 illud
581 1463 807 1536 ‘priscum
831 1479 1004 1519 aevum,
1042 1471 1276 1526 quantum
1309 1480 1519 1526 possum,
1557 1465 1657 1511 ani-

169 1545 249 1576 mo
273 1529 436 1585 redeo,
473 1528 672 1577 minime
697 1528 958 1591 displicent
980 1529 1073 1576 isto
1096 1529 1242 1575 modo
1265 1528 1395 1576 lecta
1418 1530 1523 1577 haec
1544 1530 1658 1578 Car-

168 1594 314 1650 mina,
350 1611 512 1658 neque
535 1594 586 1641 in
608 1594 992 1658 ingeniosissimo
1029 1594 1340 1642 adolescente
1364 1595 1564 1643 senilem
1590 1613 1660 1644 sa-

163 1659 396 1723 pientiam
421 1634 691 1708 desidero.e>
724 1660 1015 1723 Quanquam
1055 1676 1152 1707 non
1177 1667 1276 1706 tam
1299 1661 1584 1723 sapientiam
1610 1670 1661 1710 et

167 1726 495 1789 praestantiam
519 1726 648 1782 artis,
686 1743 830 1789 quam
867 1733 1016 1773 tantae
1045 1734 1095 1773 et
1134 1734 1233 1773 tam
1268 1726 1398 1773 varie
1432 1727 1658 1789 episodiis

168 1790 415 1839 distinctae
438 1791 776 1855 perpetuitatis
815 1791 1161 1855 cogitationem
1200 1792 1258 1838 ab
1303 1791 1506 1839 Homeii
1546 1792 1658 1841 loco

169 1864 221 1904 et
242 1856 407 1904 indole
445 1857 653 1906 alienam
690 1874 794 1906 esse
836 1857 1098 1905 contendo.
1168 1857 1296 1904 Nam
1325 1874 1483 1921 neque
1509 1876 1582 1905 ars
1607 1866 1657 1907 et

162 1920 396 1984 iunctura
431 1922 526 1979 illa,
564 1923 654 1971 etsi
695 1940 903 1971 summas
942 1923 1110 1971 laudes
1147 1923 1336 1979 meruit,
1375 1924 1442 1970 ita
1484 1925 1657 1972 callida

171 1995 244 2035 est
283 1996 333 2036 et
372 1988 574 2045 subtilis,
612 1996 668 2036 ut
708 2006 813 2037 eam
855 1990 1029 2053 ingens
1070 1989 1336 2052 ingenium,
1374 1990 1655 2037 necessariis

172 2053 394 2101 subsidiis
415 2054 723 2111 instinctum,
760 2053 839 2102 vel
862 2055 963 2101 sine
988 2054 1212 2117 exemplo
1243 2055 1429 2117 assequi
1454 2072 1549 2102 non
1576 2073 1658 2119 po·

171 2118 341 2177 tuisse3
379 2136 536 2183 neque
560 2136 675 2168 vero
700 2120 886 2176 eadem,
923 2127 980 2167 ut
1003 2121 1187 2182 opinm,
1223 2120 1273 2166 in
1306 2121 1516 2168 maximo
1540 2122 1656 2169 olim

171 2200 372 2232 numero
393 2185 772 2249 rhapsodiarum,
808 2187 877 2234 ita
901 2185 1103 2233 difficilis
1128 2193 1322 2249 lepertu
1346 2185 1453 2242 fuit,
1477 2195 1530 2234 ut
1554 2204 1659 2251 pos-

174 2250 362 2298 terioris
383 2251 540 2298 aetatis
564 2252 734 2300 studiis
759 2259 810 2300 et
833 2251 1089 2315 elegantiae
1107 2268 1204 2298 non
1225 2252 1482 2299 tribuenda
1500 2253 1660 2301 videa-

170 2322 265 2362 tur.
337 2315 504 2379 Atque
528 2317 633 2365 haec
657 2318 779 2364 ratio
817 2334 875 2365 eo
913 2317 1205 2390 probabilioi
1241 2316 1339 2373 fiet,
1378 2319 1414 2365 si
1453 2319 1511 2366 ab
1553 2320 1656 2382 ipso

169 2381 326 2444 primo
351 2390 549 2429 auctore
572 2382 706 2430 filum
729 2382 938 2431 fabulae
919 2400 1022 2447 Jam
1063 2354 1363 2447 aliquatenu's
1388 2385 1658 2432 deductum

174 2462 276 2495 esse
302 2464 449 2511 appal
453 2449 565 2495 ebit.

215 2587 235 2607 a
256 2577 308 2608 De
325 2578 492 2609 Aristotele
506 2579 582 2619 quid
597 2578 741 2614 audeam,
760 2579 862 2609 video.
910 2579 996 2609 Sed·
988 2589 1021 2609 m
1037 2579 1146 2610 eadem
1161 2589 1250 2619 paene
1265 2580 1373 2611 haeresi
1388 2591 1467 2615 sum,
1483 2591 1578 2621 quam
1595 2591 1655 2611 nu-

172 2631 226 2659 per
240 2620 395 2659 professus
410 2628 456 2652 est
471 2628 579 2652 auctor
594 2622 744 2663 elegantis
757 2621 870 2653 libelli:
908 2624 953 2652 Pa
958 2624 1090 2656 rallelen
1114 2633 1141 2672 p.
1170 2626 1216 2652 14.
1233 2633 1295 2672 sqq.
1342 2623 1466 2654 Deinde
1481 2624 1563 2664 quod
1579 2635 1653 2654 con-

174 2664 276 2694 venire
291 2663 355 2694 dixi
371 2664 410 2694 de
432 2665 517 2704 poem
539 2673 610 2696 ante
636 2666 824 2700 Homerum,
848 2664 879 2695 id
896 2675 959 2695 uon
975 2665 1040 2695 sola
1053 2666 1231 2707 conjectura
1246 2665 1364 2702 nititur,
1381 2667 1457 2697 sed'
1449 2677 1615 2705 lpsorum
1615 2678 1657 2696 6-

173 2712 275 2737 terum
292 2707 480 2743 auctoritate,
498 2709 550 2749 qui
568 2708 692 2739 illorum
711 2709 904 2739 canticorum
925 2715 1111 2749 argumenta
1132 2716 1163 2739 et
1185 2708 1315 2739 nomina
1336 2711 1409 2740 satis
1433 2721 1485 2739 mu
1477 2710 1532 2739 nlta
1555 2710 1655 2748 profe-

169 2755 255 2780 funt,
292 2749 341 2787 In
356 2750 455 2781 oculis
470 2758 522 2788 est,
540 2757 650 2791 praeter
668 2752 826 2782 Velleium
845 2758 875 2781 et
890 2757 935 2781 tot
949 2751 1065 2782 similes
1080 2751 1263 2787 laudatores,
1286 2753 1357 2783 Ari
1352 2760 1381 2783 ·‹t
1381 2753 1466 2782 ›stele
1482 2763 1505 2782 0.
1523 2756 1570 2782 (3.4
1576 2754 1653 2793 ‚qui

172 2791 321 2833 aliquotv
304 2793 468 2825 vii-tutibus
483 2794 561 2834 epici
578 2795 732 2834 po'e'matis
747 2794 936 2825 enumeratis
952 2796 1097 2846 apponit:
1124 2795 1160 2830 οἷς
1181 2797 1245 2826 aria
1259 2797 1380 2838 “osana
1384 2811 1408 2830 ος
1435 2796 1580 2837 κέχρηται
1602 2798 1653 2827 καὶ

175 2836 283 2879 πρῶτος
299 2837 349 2868 καὶ
379 2838 478 2872 καινῆς.
525 2838 575 2868 Ita
589 2838 744 2880 plerisque
759 2838 812 2869 ille
827 2845 872 2869 est
883 2845 914 2868 et
925 2849 967 2879 pr
969 2850 1048 2870 zmus
1062 2845 1094 2870 et
1108 2840 1245 2871 omnibus
1262 2851 1367 2871 numer
1353 2842 1395 2870 ris
1408 2840 1568 2870 absolutus.
