1856 3235
223 214 318 255 236
685 205 959 255 PROLEG
967 206 1075 255 OM
1082 206 1238 255 ENA.

230 333 467 400 pretando
491 334 718 384 torserint
741 337 963 385 nonnulli
987 337 1313 385 recentiorum
1332 353 1364 392 ³,
1400 335 1601 400 longum
1631 345 1703 385 est

234 409 285 450 et
307 401 482 447 mirum
505 410 714 449 narratu.
783 402 979 450 Etenim
1002 402 1072 448 illi
1104 401 1206 450 fere
1231 402 1478 449 Pisistrato
1502 401 1616 449 dare
1637 403 1705 449 vi-

234 466 412 514 dentur
437 465 630 514 codices
654 466 946 530 singularum
969 467 1347 531 rhapsodiarum‚
1385 484 1412 513 a
1447 471 1592 530 poeta
1613 466 1707 514 for-

231 539 297 587 te,
332 538 388 578 ut
426 531 594 578 Suidas
635 532 796 588 docet,
831 533 881 578 in
922 532 1062 578 variis
1102 532 1314 588 urbibus,
1352 548 1468 595 quas
1507 532 1706 589 obierat,

231 595 426 644 relictos
450 596 608 644 dicam
639 614 700 644 an
731 597 1092 660 oppigneratos:
1127 596 1201 643 his
1226 597 1473 644 codicibus
1506 597 1710 645 instruc-

234 669 339 709 tum
362 661 498 708 illum
525 663 722 709 credere
743 662 987 717 videntur,
1025 664 1159 722 (nam
1199 661 1428 709 affirmate
1454 662 1588 725 loqui
1611 678 1710 709 non

237 726 460 787 audent‚)
498 727 832 774 confusionem
855 726 1105 791 paullatim
1145 743 1172 773 a
1195 727 1563 775 sarcinatoribus
1599 727 1713 775 Car-

236 792 421 839 minum
444 791 622 840 factam
647 792 908 848 sustulisse,
946 809 1002 840 ac
1036 807 1136 839 non
1166 798 1266 838 tam
1287 808 1469 839 novum
1493 792 1712 840 ordinem

236 857 511 920 designasse
552 874 694 921 quam
739 857 994 921 pristinum
1035 864 1086 904 et
1123 857 1391 920 genuinum
1430 857 1711 906 restituisse.

239 921 356 969 Huc
381 938 497 985 ergo
521 922 719 969 trahunt
744 923 968 970 Carmina
989 921 1071 969 illa
1091 924 1293 981 confusa,
1326 922 1613 985 διεσπασμένα,
1637 923 1716 986 διῃ-

234 987 394 1051 ρημένα,
429 988 624 1051 σποράδην
648 987 844 1050 οὶδόμενα,
880 987 1015 1035 velut
1046 986 1247 1050 disjecta
1281 995 1331 1035 et
1370 989 1562 1035 turbata
1592 987 1716 1035 vitio

236 1051 609 1115 rhapsodorum;
645 1052 937 1115 omninoque
960 1060 1151 1099 tantum
1187 1053 1238 1099 in
1273 1052 1368 1100 hoc
1407 1053 1608 1116 negotio
1645 1069 1718 1100 re-

235 1117 464 1179 linquunt
486 1117 684 1172 homini,
721 1117 802 1179 qui
827 1134 888 1164 ex
912 1134 970 1164 eo
992 1117 1098 1180 ipso
1131 1118 1388 1165 maximam
1410 1117 1587 1165 famam
1610 1134 1716 1165 eru-

236 1181 435 1228 ditionis
460 1190 750 1229 consecutus
774 1189 847 1229 est
864 1192 899 1237 b,
936 1190 1172 1245 quantum
1194 1183 1339 1230 hodie
1366 1183 1612 1230 interdum
1636 1198 1719 1230 ne-

242 1245 558 1309 gligentiores
574 1247 829 1310 scriptores
844 1246 1126 1310 relinquunt
1139 1264 1269 1295 curae
1291 1247 1718 1311 typographorum.

306 1311 440 1359 Bene
465 1328 515 1359 se
539 1311 775 1360 haberent
796 1311 902 1360 haec
925 1312 1100 1368 omnia,
1125 1313 1164 1360 si
1188 1313 1250 1361 de
1267 1329 1414 1377 opere
1431 1313 1584 1360 nostri
1600 1321 1721 1362 tem-

239 1466 281 1476 -—
292 1451 409 1494 Περιϊεέιν
426 1452 480 1487 τὰς
498 1452 593 1488 πὸλεις
605 1454 727 1496 ’Ὄμηρος
743 1452 788 1495 ᾖδε
805 1454 845 1485 τὰ
860 1454 1011 1495 ποιήματα
1026 1454 1138 1497 ὕστερον
1151 1452 1178 1485 δὲ
1194 1454 1397 1493 nuciam-paru
1410 1454 1491 1485 αὐφὰ
1501 1453 1670 1494 συνήγαγεν,
1685 1453 1721 1488 ὣς

237 1494 271 1524 a&
285 1494 461 1538 ἐπίγραμμα
477 1497 561 1527 τοῦτο
574 1496 662 1531 δηλοῖ,
674 1498 822 1539 Ἀθήνῃσιν
837 1498 1082 1539 ἐπιγεγραμμένον
1098 1500 1121 1528 ἒν
1133 1498 1212 1528 sinin
1228 1498 1316 1528 αὔτοῧ
1332 1498 1382 1528 τοῦ
1397 1497 1616 1539 Hectoreis-ov·

537 1582 598 1622 Τρίς
611 1594 649 1621 με
665 1582 876 1624 τυραννήσαντα
893 1583 1066 1616 τοσαυτάκις
1084 1582 1200 1621 ἒξεδὶωξε

578 1623 662 1662 δῆμος
677 1624 874 1666 Ἐρεχθειδῶν,
892 1626 942 1656 καὶ
958 1626 1017 1667 τρὶς
1033 1626 1229 1660 ἐπεσπάσατο,

539 1666 586 1697 τὸν
600 1667 697 1706 μέγαν
712 1669 736 1697 ἒν
749 1671 869 1703 βουλαῖς
888 1669 1103 1708 nuffar-garon·
1122 1668 1149 1701 ὃς
1166 1668 1212 1698 τὸν
1220 1668 1342 1710 ’Όμηρον

581 1710 705 1749 ἤθροισα,
721 1709 861 1753 σποράδην
877 1711 910 1740 τὸ
925 1712 994 1752 πρὶν
1009 1709 1166 1750 ἀειδόμενον.

537 1752 665 1792 ἡμέτερος
681 1753 740 1795 ’γὰρ
754 1756 838 1787 κεῖνος
855 1753 867 1782 ὅ
881 1753 999 1794 χρύσεος
1012 1752 1044 1785 ’ἶν
1059 1755 1210 1787 πολιήτης,

580 1795 656 1836 εἴπερ
668 1796 816 1828 Ἀθηναῖοι
829 1795 960 1837 Σμύρναν
975 1797 1162 1835 ἑπῳκίσαμεν.

282 1889 300 1908 a
319 1879 400 1909 Nam
417 1884 631 1909 transcurrunt
645 1890 714 1910 eam
730 1880 867 1919 plurimi,
888 1881 976 1922 quasi
1001 1890 1068 1912 rem
1090 1880 1176 1920 parvi
1190 1880 1351 1911 momenti.
1395 1879 1464 1910 Alii
1477 1879 1608 1911 ridicule
1633 1879 1672 1911 de
1687 1890 1725 1911 ea

239 1921 411 1961 loquuntur
422 1928 458 1951 ut
471 1922 510 1952 de
525 1932 605 1952 nova
619 1922 766 1954 editione.
811 1925 856 1954 At
870 1933 963 1954 nemo
978 1924 1079 1964 mag-is
1090 1924 1226 1964 ingenue
1240 1933 1336 1964 quam
1353 1921 1510 1954 Kusterus
1525 1923 1644 1954 Hister.
1656 1923 1721 1954 crit.

241 1964 384 1999 Homeri,
401 1965 499 2004 posito
522 1964 577 1994 illo
603 1966 761 1996 Eustathii
781 1966 857 2002 loco,
874 1977 904 2006 p.
921 1970 988 1998 99.:
1014 1969 1088 1998 Non
1104 1973 1186 1997 caret
1201 1968 1331 2007 quidem,
1346 1965 1460 2007 fateor,
1486 1969 1551 1997 Izaec
1575 1969 1725 1998 sententia

240 2008 488 2048 difficultatibu55
511 2013 646 2039 attamen
663 2009 696 2038 ob
711 2010 802 2040 totius
806 2009 878 2049 sere
893 2010 1088 2050 antiquitatis
1112 2020 1286 2040 consensum
1303 2011 1392 2040 aliter
1414 2015 1546 2040 statuere
1572 2020 1631 2040 non
1647 2011 1727 2040 licet.

239 2053 434 2082 Consensum
447 2051 492 2079 vir
503 2050 638 2080 bismriae
648 2061 790 2081 reverens
799 2051 875 2082 dicit
883 2062 965 2087 eum,
978 2053 1032 2093 qui
1043 2052 1240 2083 Pisistratum
1253 2052 1386 2092 πύματος
1395 2053 1527 2092 ιυνεχοῗῖς
1535 2053 1585 2082 καὶ
1595 2052 1728 2093 εὐαρμόσ-

240 2107 290 2125 ταυ
302 2098 460 2123 auctorem
472 2092 553 2128 tacit,
566 2104 631 2123 non
644 2094 832 2124 Homerum.
869 2095 1001 2130 Leviter,
1010 2101 1040 2126 et
1051 2095 1159 2126 vitiata
1167 2095 1298 2125 Kusteri
1305 2095 1466 2130 sententia,
1479 2095 1603 2136 Dresig.
1615 2105 1645 2134 p.
1654 2098 1724 2126 54.:

242 2138 282 2168 Οὐ
295 2135 454 2175 totiusfere
467 2138 663 2175 antiquitatis
674 2148 848 2168 consensum
859 2140 1081 2169 concedendurn
1091 2140 1217 2173 videtur,
1228 2140 1326 2178 ipsum
1337 2139 1457 2178 quidem
1470 2138 1638 2168 Homerum
1653 2149 1724 2169 con·

243 2181 396 2218 scripsisse
411 2189 473 2209 una
489 2181 565 2209 serie
579 2182 737 2219 utriusque
755 2182 903 2219 pobimatis
917 2182 1015 2215 libros,
1040 2182 1225 2221 posterisque
1248 2182 1312 2212 suis
1325 2187 1484 2220 perpetuos
1507 2191 1562 2211 nec
1577 2182 1725 2220 dispersos

236 2223 404 2262 reliquisse,
420 2223 470 2251 sed
485 2223 584 2252 vimtm
599 2233 660 2252 non
675 2225 737 2253 nisi
752 2224 930 2258 cantilenas,
945 2234 1022 2263 quas
1037 2226 1071 2254 z'n
1086 2225 1204 2263 oppidis
1218 2225 1314 2254 victus
1325 2226 1429 2263 gratia
1448 2225 1594 2259 cantavit,
1608 2225 1726 2263 disper-

241 2275 291 2295 sas
302 2265 439 2295 edidisse.
484 2263 720 2305 Particulafere
731 2265 844 2295 Latine
858 2266 979 2296 utimur
999 2266 1160 2296 modestiae
1174 2276 1275 2301 causa,
1298 2276 1362 2296 non
1377 2272 1413 2296 ut
1427 2265 1626 2297 mendacium
1641 2271 1729 2306 tega-

239 2317 320 2337 mus.
365 2306 477 2346 Itaque
492 2307 591 2346 qualis
605 2306 657 2337 ille
673 2308 712 2337 sit
727 2310 818 2339 totius
822 2309 894 2348 fere
909 2311 1104 2348 antiquitatis
1118 2319 1284 2345 consensus,
1301 2308 1412 2340 docere
1422 2319 1478 2340 nos
1492 2308 1632 2339 debebat.
1677 2309 1728 2340 Ne

241 2349 354 2380 Suidas
369 2348 496 2388 quidem
511 2348 530 2379 l.
549 2360 573 2379 c.
590 2349 734 2385 concinit,
751 2361 844 2390 quem
862 2361 962 2381 unum
978 2351 1021 2381 ibi
1035 2352 1167 2382 habebat
1180 2362 1245 2392 prae
1266 2351 1383 2382 oculis:
1402 2352 1548 2395 Ἔγραψε
1567 2352 1619 2385 τὴν
1632 2353 1730 2382 Ἰλιεί-

237 2391 273 2423 δα
290 2393 347 2432 οὐχ
363 2391 438 2430 ἅμα,
457 2390 515 2422 οὐδὲ
532 2393 614 2422 κατὰ
631 2393 664 2423 τὸ
679 2395 803 2433 συνεχὲς,
820 2395 961 2436 καθάπερ
976 2394 1138 2434 σύγκειται·
1162 2395 1240 2426 ἀλλ’
1261 2395 1348 2429 αὐτὸς
1369 2396 1420 2434 μὲν
1435 2395 1560 2428 ἑκάστην
1573 2393 1727 2435 ῥαψῳδίαν

237 2436 363 2477 γράψας
380 2435 431 2464 καὶ
447 2433 581 2473 ἐπιδείξας
598 2435 622 2464 ἒν
644 2438 687 2475 τῷ
701 2439 864 2479 περινοστεῖν
887 2438 941 2471 τὰς
957 2438 1053 2472 πόλεις
1069 2439 1170 2478 τροφῆς
1185 2438 1281 2473 ἕνεκεν,
1305 2437 1454 2469 arima-er.
1499 2437 1550 2467 Sic
1567 2436 1729 2469 Pisistrato

242 2477 376 2508 demum
390 2476 470 2506 nihil
484 2476 639 2517 reliquum
656 2478 698 2513 fit,
714 2489 808 2518 quam
820 2485 857 2509 ut
871 2481 1051 2520 rhapsodias
1065 2482 1098 2511 ιή
1122 2483 1243 2512 lotidem
1260 2481 1358 2516 libros,
1384 2486 1454 2521 quot
1466 2490 1549 2510 nunc
1577 2481 1728 2517 habemus,

239 2521 368 2551 dividat.
413 2519 525 2559 Itaque
539 2520 619 2550 hanc
635 2520 817 2552 divisionem
832 2523 871 2552 ab
888 2522 1112 2553 Alexandrinis
1127 2523 1287 2562 inductam
1303 2532 1376 2557 esse,
1389 2523 1554 2563 ignorabat
1563 2522 1610 2552 vir
1619 2523 1732 2554 bonus.

279 2564 300 2593 b
321 2560 443 2593 Eodem
467 2562 619 2600 pertinere
634 2564 763 2593 arbitror
785 2564 901 2594 famam
917 2564 956 2595 de
972 2566 1071 2604 prima
1086 2566 1271 2596 bibliotheca
1297 2575 1317 2595 a
1332 2565 1497 2596 Pisistrato
1512 2564 1646 2601 condita,
1673 2566 1732 2596 etsi

239 2605 314 2636 satis
325 2604 442 2635 recenti
458 2605 596 2643 scriptori
613 2613 823 2642 memoratam,
855 2608 960 2638 Gellio
979 2608 1040 2638 VI.
1063 2612 1112 2640 17.
1140 2609 1213 2639 Non
1235 2609 1322 2638 enim
1339 2608 1465 2647 reperio,
1487 2607 1540 2648 qui
1556 2607 1609 2638 alii
1624 2614 1737 2647 praeter

236 2648 419 2678 Homerum
434 2646 536 2677 inesse
551 2650 708 2686 potuerint
722 2650 894 2689 scriptores,
909 2661 1004 2691 quam
1030 2651 1149 2692 aliquot
1164 2651 1271 2690 poetae,
1299 2661 1399 2690 nuper
1413 2650 1544 2681 demum
1572 2651 1621 2681 vel
1637 2650 1734 2690 ipsius

232 2690 325 2730 jussu
346 2690 512 2729 perscripti.
563 2691 714 2731 Idemque
729 2693 925 2723 sentiendum
949 2693 1080 2724 fortasse
1094 2694 1133 2724 de
1160 2694 1324 2734 Polycrate
1353 2693 1468 2729 Samio,
1487 2703 1581 2734 quem
1607 2699 1733 2734 propter

234 2733 386 2764 librorum
401 2732 610 2771 parandorum
627 2734 765 2764 studium
778 2746 851 2766 cum
867 2736 1027 2767 Pisistrato
1039 2737 1204 2778 conjungit
1221 2737 1338 2767 Athen.
1354 2736 1383 2766 Ι.
1394 2747 1423 2776 p.
1433 2739 1463 2767 5.
1481 2739 1523 2766 Α.
1569 2735 1732 2767 Nimirum

235 2775 431 2807 bibliothecae
445 2775 508 2805 iuae
518 2776 634 2806 similes
649 2776 783 2813 fuerunt,
801 2779 833 2808 ni
850 2778 948 2814 fallor,
967 2789 1084 2815 earum,
1108 2790 1178 2820 quae
1193 2779 1226 2809 in
1241 2778 1369 2818 templis
1385 2778 1556 2815 nonnullis,
1579 2777 1676 2810 etiam
1696 2779 1732 2810 in

237 2817 535 2858 Hierosolymitano,
551 2818 698 2858 depositae
713 2820 864 2856 feruntur,
882 2823 988 2860 paucis
1009 2828 1189 2853 constantes
1205 2822 1324 2862 scriptis
1345 2828 1377 2852 et
1393 2822 1522 2853 nomine
1545 2831 1611 2857 suo,
1641 2829 1735 2862 prout

234 2861 328 2893 hodie
343 2867 518 2900 usurpatur,
543 2872 652 2900 parum
669 2862 790 2902 dignae;
809 2864 919 2894 similis
942 2865 1044 2896 forsan
1071 2866 1166 2896 etiam
1193 2865 1247 2896 illa
1271 2865 1439 2906 Smyrnaea,
1467 2864 1559 2906 cujus
1573 2873 1639 2896 una
1663 2875 1736 2897 cum

236 2903 401 2937 Homereo
414 2903 560 2936 meminit
576 2905 687 2936 Strabo
702 2906 799 2936 XIV.
814 2917 842 2946 p.
856 2910 926 2938 646.
