1856 3235
242 232 312 280 80
671 224 991 275 ὈΜΗΡΟΥ
1025 223 1298 274 ‘TMN02

394 371 648 423 Ἀθανάτων
672 370 797 439 μετα
823 371 928 434 φυλ’
957 369 1111 430 ἀπέβη
1138 393 1305 441 κξατυς
1337 367 1674 441 Ἀξγειφὸντης·

250 449 353 500 130
391 445 592 517 Αυτοὶξ’
581 445 670 510 εγῶ
692 446 732 496 σ’
760 444 930 512 ἱκόμην,
956 467 1144 516 sagunen
1168 443 1211 495 δέ
1239 467 1316 513 μοι
1344 442 1496 495 ἔνι-λετ
1542 446 1736 511 ἀνάγκη.

390 521 559 572 Ἀλλά
585 542 633 570 σε
661 542 763 590 πξος
792 516 923 576 Ζηνος
952 517 1213 610 γενάζομαι
1243 517 1314 575 ᾖδε
1342 519 1500 577 τοκήων

387 596 612 654 Ἐσθλων,
643 591 690 661 (8
719 593 813 663 γάξ
841 590 910 642 τοί
930 614 984 655 γε
1007 615 1138 642 κακοι
1168 590 1327 649 τοῖόνδε
1356 591 1537 683 τέκοιεν)

388 669 619 736 Ἀὂμητην
645 668 695 735 μ’
725 663 918 730 ἀγαγων
941 665 1023 716 καὶ
1052 666 1289 736 ἀπειξῆτην
1319 665 1572 730 φιλότητος,

392 742 550 813 Πατξὶ
573 764 618 792 τε
647 743 710 808 σῷ
739 739 874 800 δειξον
900 739 980 790 καὶ
1006 737 1162 811 μητὲξι
1191 737 1299 790 κέδν’
1323 736 1483 811 εἰδυίῃ,

248 820 352 870 135
394 820 494 874 Σοῖς
521 838 568 866 τε
599 814 901 878 κασιγνήτοις,
928 837 966 865 οι
995 836 1058 864 τοι
1089 812 1240 881 ὁμοθεν
1267 813 1514 877 γεγάασιν.

389 888 465 942 Ου’
491 904 589 954 σφιν
616 887 816 947 ἀεικελίη
844 911 931 945 νυος
960 885 1170 956 ἔσσομαι,
1200 888 1323 937 αλλ’
1352 909 1514 938 εικυια.

385 964 453 1016 El
472 987 513 1015 τι
549 963 750 1021 αεικελιη
777 986 883 1027 γυνη
910 960 1120 1030 ἔσσομαι,
1148 960 1191 1018 ἦε
1221 984 1300 1016 και
1329 960 1418 1011 ἑκι.

383 1037 592 1108 Πέμψαι
620 1037 658 1089 δ’
686 1035 893 1128 α’γγελον
919 1033 1018 1088 ὦκα
1043 1058 1167 1103 μετα
1195 1033 1390 1106 Φξύγας
1419 1033 1699 1096 αἰολοπωλες

387 1116 535 1164 Εἰπειν
562 1112 702 1183 orm-51¹
726 1113 769 1162 τ’
794 1111 889 1180 ἐμῷ
915 1134 995 1161 και
1023 1108 1179 1181 μητὲξι
1207 1107 1418 1181 κηδομένη
1445 1132 1536 1180 πεξ.

243 1190 347 1240 140
389 1189 453 1238 Oc
480 1185 523 1238 δέ
553 1209 598 1236 τε
624 1209 706 1253 μεν
731 1184 895 1255 χρυσόν
921 1206 992 1234 κεν
1018 1183 1143 1244 α’λις,
1171 1184 1350 1240 ἐσθῆτά
1377 1184 1435 1234 θ’
1455 1183 1644 1247 ὑφαντην

272 1272 275 1275 ’
386 1258 655 1329 Πέμψεσιν
683 1282 738 1310 συ
766 1257 811 1309 δε
837 1258 997 1309 πολλα
1024 1279 1102 1307 και
1131 1257 1304 1321 αγλαα
1333 1255 1495 1325 δέχθαι
1527 1256 1705 1310 α’ποινα.

383 1335 553 1385 Ταῦτα
580 1332 625 1384 δε
653 1355 838 1391 ποιησας
867 1331 989 1383 bomo
1016 1353 1167 1400 γαμον
1195 1328 1441 1401 ιμεξᾶεντα,
1469 1387 1471 1389 ,

380 1408 539 1476 Τιμιον
566 1407 816 1479 ανθξωποισι
844 1429 923 1457 και
951 1407 1215 1456 αθανάτοισι
1239 1407 1420 1456 Semo-cv.

446 1480 548 1540 ⁰09
578 1484 742 1533 elz-§500
769 1481 863 1532 34oe
890 1477 1064 1545 γλυκὺν
1093 1501 1237 1550 ιμεξον
1265 1472 1476 1569 ἔμβαλε
1497 1481 1656 1547 θυμῷ.

241 1561 344 1611 145
383 1556 615 1626 Ἀγγισην
643 1556 711 1607 δ”
704 1553 791 1626 έςος
822 1552 950 1610 εἶλεν,
981 1552 1084 1611 ’ἔπος
1111 1554 1153 1603 τ’
1177 1551 1328 1617 ἔφατ’,
1355 1550 1405 1604 ’ἐκ
1431 1576 1460 1604 τ
1466 1552 1708 1623 ὀνομαζε·

384 1703 583 1734 Immortales
598 1701 639 1732 ad
652 1706 760 1742 gentes
774 1699 829 1730 ivit
845 1700 934 1730 fortis
950 1698 1116 1740 Argicida:

300 1762 360 1789 150
381 1758 504 1788 Verum
519 1766 577 1796 ego
595 1755 634 1785 ad
649 1761 680 1785 te
694 1754 774 1790 veni,
791 1753 880 1784 fortis
895 1759 1000 1783 autem
1016 1752 1095 1782 mihi
1109 1751 1171 1783 fuit
1186 1751 1359 1783 necessitas.

383 1811 445 1841 Sed
460 1817 490 1841 te
506 1820 560 1849 per
573 1810 596 1840 J
599 1819 688 1839 ovem
704 1818 760 1839 oro
771 1818 807 1838 ac
821 1817 877 1847 per
891 1813 1035 1846 parentes

383 1866 497 1900 Bonos,
516 1866 632 1905 (neque
648 1863 733 1892 enim
748 1861 824 1892 mali
840 1861 935 1892 talem
951 1860 1156 1901 peperissent)

380 1920 575 1950 Indomitam
591 1928 641 1948 me
655 1917 773 1948 ducens
788 1923 819 1947 et
831 1917 1026 1956 inexpertam
1042 1916 1087 1946 rei
1102 1925 1252 1952 venereae,

380 1974 526 2014 Patrique
542 1979 597 2003 tuo
612 1971 740 2002 ostende
755 1981 791 2002 ac
806 1970 898 2001 matri
914 1970 1062 2010 praeclara
1076 1969 1194 2005 scienti,

294 2032 352 2060 155
376 2027 405 2058 T
407 2028 516 2067 uisque
531 2026 683 2061 frati-ibus,
700 2026 753 2065 qui
768 2031 873 2055 tecum
890 2024 986 2054 simul
1001 2023 1100 2064 geniti
1116 2029 1201 2054 sunt.

376 2082 450 2113 Non
466 2081 529 2112 illis
545 2080 676 2121 indigna
691 2090 790 2110 nurus
804 2089 867 2115 ero,
882 2079 937 2110 sed
952 2078 1058 2120 digna.

376 2140 410 2170 Si
425 2139 501 2179 quid
514 2138 644 2178 indigna
659 2137 773 2167 mulier
788 2146 849 2172 ero,
867 2146 925 2166 nec
940 2146 990 2166 ne.

375 2194 470 2224 Mitte
485 2199 590 2223 autem
606 2192 761 2222 nuncium
776 2190 917 2222 celeriter
932 2190 972 2220 ad
988 2190 1131 2231 Phrygas
1145 2188 1232 2231 aquis
1248 2188 1450 2225 abundantes.

373 2248 437 2284 Qui
452 2247 534 2278 dicat
548 2247 690 2287 patrique
706 2256 778 2276 meo
792 2251 824 2276 et
834 2245 926 2276 matri
943 2245 1093 2275 sollicitae.

290 2307 350 2333 140
374 2302 421 2333 Hi
436 2307 541 2332 autem
558 2311 674 2332 aurum
688 2300 809 2331 affatim
823 2306 1004 2340 vestemque
1019 2304 1136 2329 textam

372 2357 516 2387 Mittent:
543 2362 578 2386 tu
593 2361 699 2386 autem
715 2354 816 2385 multa
830 2360 862 2385 et
876 2353 1024 2394 praeclara
1035 2353 1141 2392 accipe
1159 2352 1250 2383 dona.

371 2412 454 2441 Haec
468 2417 574 2441 autem
589 2410 706 2441 faciens
723 2409 844 2440 celebra
859 2409 984 2448 nuptias
999 2407 1159 2446 amabiles,

373 2465 585 2495 Honorabiles
600 2464 790 2501 hominibus,
808 2470 838 2494 et
853 2463 1081 2494 immortalibus
1096 2462 1177 2493 Diis.

413 2520 464 2550 Sic
480 2530 552 2550 cum
569 2519 695 2549 dixisset
711 2519 781 2549 Dea
796 2518 921 2549 dulcem
937 2527 1076 2548 amorem
1093 2516 1201 2558 injecit
1215 2515 1333 2546 animo-

287 2577 347 2606 145
371 2574 532 2605 Anchisen
547 2580 654 2604 autem
669 2583 757 2604 amor
771 2573 862 2613 cepit,
879 2574 1010 2604 verbum
1025 2578 1132 2603 autem
1142 2563 1234 2607 dixit,
1250 2575 1343 2611 atque
1357 2567 1554 2600 nominabat:

218 2695 327 2729 nesius,
342 2692 427 2735 quod
449 2692 600 2723 usitatum
623 2691 657 2721 in
682 2690 845 2731 principiis
867 2701 939 2722 nar·
985 2700 1058 2721 cum
1086 2688 1205 2720 caeteris
1229 2687 1367 2727 captivis.
1414 2685 1484 2717 Nec
1507 2684 1640 2716 alterum
1663 2684 1718 2714 ἅκ-

217 2736 315 2767 randi.
986 2747 1072 2768 fram,
1098 2733 1131 2763 in
1148 2742 1211 2772 qua
1234 2732 1326 2762 urbes
1351 2729 1447 2761 nullae
1472 2728 1606 2760 conditae
1634 2732 1716 2763 sunt,

263 2780 336 2810 Ver.
356 2782 423 2810 1‘25.
445 2780 570 2822 &tango
560 2778 585 2820 ]
603 2777 795 2808 Insolentius
811 2785 866 2816 pro
880 2788 940 2808 non
985 2777 1112 2807 obvium
1141 2781 1197 2806 est.

216 2824 345 2854 divisam
361 2822 538 2858 cultoribus,
567 2821 681 2851 scilicet
705 2820 881 2863 ἀκλήρωτον,
907 2830 940 2850 a·
1029 2820 1102 2850 Ver.
1124 2821 1192 2849 136.
1219 2820 1287 2848 137.
1314 2816 1405 2847 Alter
1419 2826 1495 2847 sane
1517 2824 1621 2847 versus
1640 2812 1716 2844 alie-

217 2866 338 2907 deoque
363 2865 523 2896 incultam.
580 2865 631 2895 Sic
655 2863 799 2903 Euripid.
827 2862 943 2894 Troad.
987 2873 1054 2893 nus.
1115 2861 1203 2892 Olim
1229 2871 1257 2890 v.
1293 2863 1362 2891 137.
1384 2860 1529 2899 spurium
1558 2857 1716 2898 putabam.

216 2910 337 2953 ἄκληροι
352 2909 392 2941 de
408 2908 552 2945 foeminis,
578 2918 647 2949 quae
663 2917 726 2937 non
743 2906 848 2938 divisa·
870 2911 943 2937 sunt
990 2906 1036 2937 Cl.
1051 2911 1156 2936 autem
1174 2905 1376 2936 Ruhnkenius
1390 2913 1429 2934 ex
1455 2912 1521 2934 uno
1558 2900 1639 2932 duos
1664 2907 1719 2939 per
