1856 3235
585 199 896 245 ‘OMHPOT
935 199 1105 246 ΒΙΟΣ.
1503 207 1597 248 329

99 352 163 386 τις
185 332 435 412 ἀταρτηροῖς
437 328 609 376 ἐπέεσσιν
631 328 843 410 Ἀτρειδην
867 328 1076 391 προςέειπε.
1113 327 1255 381 Δηλοῑ
1270 327 1352 393 γὰρ
1370 329 1438 377 διὰ
1461 333 1589 378 ψέγων

97 399 165 445 τόν
187 417 231 446 τε
253 395 481 457 Ἀχιλλέα,
504 393 580 440 καὶ
601 392 668 440 τᾶν
690 394 1008 456 Ἂγαμέμνονα.
1041 392 1118 439 καὶ
1140 395 1277 439 πάλιν·
1313 397 1466 475 Θάρσει
1492 400 1589 461 Τρι-ι

97 464 290 523 τογένεια,
325 462 443 520 φίλον
478 459 603 512 τέκος.
636 479 710 506 και
748 461 783 506 ἐν
819 459 974 513 ἄλλοις,
1012 459 1171 521 Φοῖβος
1210 459 1489 523 ἀκερσεκόμης.
1538 462 1588 510 τὸ

95 528 168 590 μὲν
191 526 271 591 γοὶρ
287 546 354 582 την
375 526 567 580 Ἀθηνοῖν,
601 524 650 572 τό
673 525 726 581 δὲ,
750 524 816 572 τὸν
837 524 1096 571 Ἀπόλλωνα
1121 525 1240 578 δηλοι.

156 592 251 642 'Emx
269 612 343 639 και
366 593 389 645 ἦ
417 591 651 654 ἀντίφρασις
689 591 804 646 λέξις,
840 589 888 636 τὰ
928 591 1107 645 ἐναντίον,
1143 591 1166 643 ἢ
1204 588 1253 636 τὸ
1292 594 1583 656 παρακειμενον

90 659 331 722 σημαίνεσα,
365 659 417 710 ὦς
439 658 474 703 ἐν
496 657 615 719 τὲτῳ.
688 657 792 704 Οὐδ’
821 656 902 719 οἵρα
927 657 983 702 τώ
1005 675 1053 736 γε
1087 655 1173 701 ἰδων
1213 656 1387 715 γήθησεν
1422 658 1500 704 Α
1488 670 1581 719 μλ-

87 723 187 776 λεύς.
254 723 438 771 Βέλεται
462 720 543 786 γοὶρ
566 724 682 769 εἷπειν
715 721 763 769 en)
786 722 966 776 ἐναντίον,
1001 721 1063 768 ὅτι
1086 721 1172 768 ι’δῶν
1196 720 1326 773 αὐτὲς
1349 723 1533 778 ἐλυπηθη.

151 787 247 838 Ἐςι
266 808 340 835 και
364 790 387 842 ἦ
401 789 600 869 ἔμφασις,
613 788 733 868 ἥπερ
772 787 819 834 δι’
845 788 1033 840 ὑπονοίας
1073 787 1256 833 ἐπίτασιν
1295 792 1348 834 τέ
1383 791 1579 852 λεγομενε

83 854 302 935 παρίςησιν,
337 854 411 900 οἷον
437 851 624 917 Αὐτοὶρ
610 851 666 899 ὅτ’
694 855 746 906 εἰς
784 854 908 899 ίππον
940 853 1257 934 κατεβαίνομεν,
1293 852 1331 898 ὃν
1370 855 1475 916 κάμ’
1504 856 1578 902 'E-

82 919 202 972 πειός.
237 921 272 967 ἐν
296 918 377 983 γοὶρ
399 939 457 966 τω
485 919 795 982 κατεβαινομεν,
830 917 879 965 τὸ
900 918 1068 980 μέγεθος
1089 923 1142 964 τὲ
1164 919 1273 964 ἵππει
1309 920 1502 981 ἐμφαίνει.
1537 920 1576 967 6²-

80 1004 192 1048 μοιον
215 984 255 1032 δὲ
277 986 451 1032 κάκεῖνο·
485 985 568 1031 ποῖν
597 983 628 1030 δ’
657 984 923 1048 ὑπεθερμάνθη
962 985 1073 1042 ξίφος
1108 984 1272 1046 αἱματι.
1306 1004 1381 1030 και
1421 983 1503 1049 γοὶρ
1540 988 1574 1033 ἐν

79 1051 190 1114 τὲτῳ
212 1051 379 1114 παρέχει
401 1052 565 1114 μείζονα
589 1049 776 1112 ἔμφασιν,
813 1052 862 1103 ὦς
885 1050 1195 1112 βαπτισθέντος
1225 1050 1307 1096 §w
1347 1055 1399 1097 τέ
1439 1051 1571 1110 ξίφες,

80 1117 175 1170 ὅςτε
197 1119 488 1180 ὃερμανθῆναι.
558 1116 715 1163 Τοιοίδε
751 1115 823 1177 μὲν
862 1118 903 1163 οἱ
933 1120 1008 1161 τῶν
1043 1116 1263 1178 λεγομένων
1302 1115 1456 1179 τρόποι,
1492 1117 1574 1164 ὑπὸ

77 1183 243 1245 ῗΟμῇρε
265 1182 529 1245 πεποιημένοι.

137 1247 303 1311 ’Ἱδωμεν
327 1248 367 1295 δὲ
389 1268 463 1294 και
487 1267 565 1301 τας
586 1251 657 1302 τῆς
673 1248 927 1303 συντάξεως’
915 1266 1127 1311 εκτροπας,
1151 1246 1210 1300 τοὶ
1231 1248 1449 1310 καλὲμενα
1471 1266 1572 1310 σχη-

74 1333 213 1377 ματα,
249 1315 281 1360 εἰ
301 1334 375 1360 και
406 1318 547 1360 ταῦτα
568 1318 724 1394 πρῶτος
738 1314 927 1394 *Όμηρος
951 1313 1136 1368 ὑπέδειξε.
1171 1313 1219 1360 τὸ
1247 1313 1286 1360 δὲ
1325 1317 1474 1376 σχῆμά
1516 1317 1570 1364 ἐςι

74 1379 199 1461 λόγος
221 1379 514 1442 ἐξηλλαγμένος
536 1400 588 1426 τε
611 1381 645 1426 ἐν
669 1379 739 1425 ἔθει
762 1380 880 1425 κατά
903 1398 994 1425 τινα
1018 1381 1182 1435 πλάσιν,
1223 1379 1360 1441 κόσμει
1383 1380 1404 1433 ἣ
1429 1381 1568 1444 χρείας

74 1446 201 1527 χάριν.
235 1446 393 1497 κάλλος
414 1465 485 1507 μεν
507 1465 589 1509 γαρ
611 1450 693 1497 τοῖς
714 1445 853 1505 λόγοις
876 1445 1090 1507 περιτίθησι
1127 1443 1195 1491 δια
1234 1448 1305 1498 τῆς
1344 1447 1567 1503 ποικιλίας,

73 1530 148 1556 και
186 1514 426 1573 μεταβολης
462 1511 581 1570 λόγε,
615 1531 689 1557 και
724 1510 956 1573 σεμνοτέραν
996 1511 1276 1590 ἀπεργάζεται
1316 1510 1384 1564 τήν
1413 1513 1566 1574 φράσιν.

70 1576 206 1655 χρείαν
229 1575 269 1622 δὲ
297 1577 349 1628 εἰς
370 1575 419 1622 τό
442 1578 578 1640 ἐξᾷραι
601 1596 675 1623 και
699 1577 888 1623 ἐπιτεῖναι
911 1595 989 1628 τας
1012 1576 1246 1630 ποιότητας,
1281 1596 1355 1622 και
1379 1577 1567 1639 δυνάμεις

69 1645 145 1687 τῶν
167 1642 436 1705 πραγμάτων.

135 1709 226 1753 Tau
249 1706 289 1754 δὲ
313 1709 534 1770 σχημάτων
557 1727 613 1754 τα
636 1727 707 1770 μεν
730 1727 849 1754 κατα
890 1706 1143 1770 πλεονασμὸν
1184 1713 1298 1762 ποιεῖ,
1335 1707 1451 1755 ἐνίοτε
1491 1708 1564 1771 μὲν

69 1770 138 1819 δια
167 1771 216 1819 τὸ
236 1773 389 1837 μέτρον,
425 1775 475 1826 ὦς
498 1775 533 1820 ἐν
555 1791 676 1820 τετω·
713 1776 851 1837 Χρυσ8
874 1773 914 1819 δὲ
948 1774 1072 1827 ςῆσας
1095 1772 1297 1826 Ὀδυσεῦς
1337 1774 1437 1820 δέκα
1461 1776 1563 1821 πάν-

64 1857 123 1885 τα
145 1837 430 1886 τάλαντα.τὸ
453 1859 536 1903 γαρ
558 1841 700 1886 πάντα
727 1838 845 1902 μηδὲν
869 1843 1054 1885 συντελεν
1095 1839 1289 1899 ἔγκειται.
1325 1840 1379 1888 ἐςι
1417 1839 1456 1886 δὲ
1497 1839 1562 1886 ὅτε

63 1903 200 1984 κόσμει
237 1906 365 1968 χάριν·
391 1904 461 1952 Ἦ
490 1907 613 1967 μάλα
655 1905 700 1959 δη
740 1905 894 1959 τέθνηκε
938 1905 1132 1951 Μενοιτίε
1168 1905 1348 1967 ἄλκιμος
1387 1905 1480 1958 υἱός.
1514 1904 1562 1953 τὸ

61 1967 143 2033 γοὶρ
163 1971 288 2033 μάλα
311 1972 517 2033 πλεονάζει
539 1990 657 2019 κατα
680 1972 877 2025 συνηθειαν
900 1971 1080 2024 ἀττινην.

61 2103 229 2142 Increpuit.
274 2103 336 2135 Per
350 2105 416 2135 haec
430 2106 516 2136 enim
533 2105 699 2141 Achillem,
727 2111 759 2136 et
785 2106 1063 2145 Agamemnonem
1088 2103 1245 2146 intelligit.
1290 2104 1334 2135 Et
1359 2113 1484 2134 rursus:
1510 2106 1559 2136 Sis

59 2146 273 2187 azzimofidens
292 2149 441 2183 Tritonia,
453 2150 531 2188 filia
547 2151 652 2179 chara.
696 2149 740 2179 Et
754 2148 787 2178 in
803 2148 879 2183 aliis,
905 2149 1035 2178 Plaoebus
1061 2150 1207 2178 intonsus.
1230 2147 1294 2177 illic
1320 2147 1407 2177 enim
1433 2147 1556 2178 Miner-

63 2197 143 2224 vam,
165 2189 216 2219 hic
230 2199 302 2220 vero
324 2190 503 2229 Apollinem
518 2191 654 2222 denotat.

100 2231 159 2261 Est
173 2237 205 2261 et
220 2232 425 2271 Antiphrasis,
447 2234 544 2264 dictio
558 2244 628 2274 quae
641 2234 842 2270 contrarium,
866 2244 962 2274 quam
977 2243 1042 2272 prae
1056 2244 1090 2264 se
1104 2233 1177 2271 fert,
1193 2232 1357 2273 significat.
1384 2239 1421 2264 ut
1435 2233 1469 2263 in
1485 2233 1553 2269 hoc,

58 2275 127 2305 Hos
141 2275 194 2305 ubi
207 2278 367 2315 conspexit,
388 2287 450 2307 non
471 2283 514 2307 est
539 2279 662 2309 [celatus
686 2279 831 2308 Achilles.
877 2277 1078 2308 Contrarium
1104 2276 1191 2307 enim
1217 2276 1320 2307 dicere
1341 2276 1417 2312 vult,
1441 2286 1555 2316 nempe

55 2315 140 2358 quod
155 2317 204 2347 his
216 2319 389 2357 conspectis
402 2319 577 2350 indoluerit.

96 2359 156 2390 Est
169 2367 202 2390 et
216 2362 389 2401 Empkasis,
412 2372 483 2402 quae
497 2362 594 2393 animi
618 2363 808 2404 cogitatione
834 2363 1064 2394 vehementiam
1080 2362 1164 2393 dicto
1179 2361 1273 2398 addit,
1297 2367 1348 2393 ut:
1378 2363 1437 2393 Ast
1460 2363 1493 2392 in
1519 2373 1551 2392 e-

53 2412 149 2442 quum
163 2405 382 2440 descendentes,
403 2416 491 2446 quem
506 2408 615 2437 struxit
635 2408 744 2446 Ep.eus
788 2407 877 2437 Dum
893 2407 978 2436 enim
1002 2406 1113 2446 inquit,
1136 2407 1356 2440 descendentes,
1373 2404 1444 2446 equi
1461 2415 1552 2445 mag-

53 2444 231 2476 nitudinem
254 2446 398 2477 declarat.
444 2447 552 2479 Simile
567 2454 673 2479 autem
689 2455 720 2479 et
733 2449 814 2480 illud
829 2456 884 2485 est,
913 2451 1005 2481 Totus
1020 2461 1087 2481 vero
1103 2450 1229 2488 gladius
1243 2450 1394 2488 sanguine
1408 2449 1554 2479 incaluit.

52 2497 110 2526 per
123 2489 182 2520 hoc
196 2489 281 2520 enim
297 2490 449 2530 majorem
463 2491 626 2529 emphasin
652 2491 797 2530 ostendit,
819 2492 904 2533 quod
929 2493 975 2523 ait
999 2503 1105 2522 ensem
1131 2491 1209 2522 adeo
1233 2491 1390 2532 sanguine
1414 2491 1551 2521 tinctum

49 2529 146 2562 fuisse
159 2537 196 2563 ut
205 2532 377 2564 incaluerit.
423 2534 619 2574 Hujusmodi
632 2535 757 2584 quidem
773 2535 854 2574 tropi
869 2537 908 2565 ab
933 2535 1077 2566 Homero
1092 2535 1156 2565 ficti
1178 2540 1260 2564 sunt.

100 2573 276 2606 Videamus
291 2583 397 2607 autem
424 2582 455 2607 et
477 2577 714 2608 constructionis
738 2578 936 2613 mutationes,
959 2588 1030 2618 quae
1051 2577 1161 2619 figurae
1186 2577 1391 2626 appellantur,
1415 2586 1494 2607 num
1520 2582 1552 2606 et

51 2617 109 2646 has
124 2616 284 2650 Homerus
298 2619 418 2658 primus
432 2619 594 2651 invenerit,
640 2621 667 2651 P
669 2631 739 2651 οπο
754 2623 878 2661 Figura
893 2628 939 2651 est
959 2631 1062 2652 sermo
1086 2631 1106 2651 a
1130 2621 1292 2651 communi
1318 2619 1547 2650 consuetudine

49 2658 205 2696 recedens,
227 2668 364 2698 ornatus,
387 2672 442 2693 seu
458 2663 600 2694 utilitatis
615 2664 722 2704 gratia,
745 2663 918 2694 secundum
933 2663 1093 2713 quandam
1117 2663 1277 2694 fictionem
1292 2668 1441 2693 mutatus.
1486 2661 1547 2691 Di-

47 2701 141 2732 cendi
155 2712 292 2744 namque
305 2705 435 2736 varietas
449 2706 621 2737 orationem
640 2717 703 2736 non
717 2707 819 2737 solum
836 2707 1054 2742 venustiorem,
1079 2706 1134 2738 sed
1159 2707 1255 2737 etiam
1280 2705 1398 2745 stylum
1422 2704 1544 2744 gravio.

47 2753 118 2775 rem
132 2745 234 2776 efficit.
278 2747 374 2778 Utilis
387 2755 493 2779 autem
515 2755 562 2779 est
575 2749 659 2790 quod
674 2759 778 2780 rerum
793 2750 974 2790 qualitatem
990 2760 1026 2781 ac
1041 2750 1104 2780 vim
1120 2749 1251 2784 extollit,
1273 2747 1481 2787 intenditque.

90 2786 180 2818 Inter
189 2789 346 2821 schemata
359 2797 465 2821 autem
477 2793 649 2831 pleonasmo
666 2803 896 2833 nonnunquam
911 2794 1003 2823 metri
1018 2803 1112 2824 causa
1127 2792 1235 2828 utitur,
1259 2797 1295 2821 ut
1310 2792 1342 2820 in
1358 2791 1435 2819 hoc.
1460 2791 1545 2821 Auri

45 2835 147 2861 autem
162 2834 334 2872 appendens
355 2835 417 2875 Uty
417 2845 476 2865 sses
497 2837 597 2867 decem
620 2842 682 2866 tota
708 2838 833 2867 talenta.
857 2846 931 2867 nam
952 2846 1009 2866 vox
1035 2837 1150 2871 omnia,
1172 2834 1252 2865 nihil
1275 2833 1316 2863 ad
1340 2842 1467 2863 sensum
1496 2832 1544 2863 fa-

44 2872 137 2908 ciens.
161 2874 314 2914 adjicitur.
359 2877 418 2908 Est
430 2877 526 2908 etiarn
541 2878 669 2919 quando
684 2884 815 2910 ornatus
833 2889 927 2910 causa
942 2879 988 2910 fit:
1015 2885 1059 2914 ut.
1086 2880 1170 2910 Certe
1193 2888 1314 2907 omnmo
1341 2882 1478 2906 mortuus
1502 2882 1546 2909 eat

46 2916 187 2947 Menoecii
202 2924 343 2951 strenuus
359 2921 451 2952 lilius.
474 2931 533 2952 vox
550 2931 686 2964 namque
699 2924 789 2963 μάλα
808 2923 937 2954 Omnino
954 2922 1061 2954 Attica
1076 2919 1304 2953 consuetudine
1318 2917 1466 2950 abundat.

96 2971 251 3010 vonv.
764 2978 836 3013 Tt
