1856 3235
239 242 332 282 226
691 212 1247 284 PROLEGOMENA.

248 371 453 412 mortem
479 363 662 428 Ulyssis
694 366 1030 423 deductorum,
1069 366 1310 422 collectio,
1347 381 1540 414 omnem
1573 382 1724 431 prope

245 429 510 477 fabularem
533 430 778 478 historiam
794 440 1024 494 perpetua
1053 440 1100 479 et
1116 433 1321 479 naturali
1343 432 1460 479 serie
1484 432 1723 495 complec-

246 502 368 542 tenS.
439 495 513 542 Ex
537 512 632 560 quo
654 513 753 544 uno
793 498 904 544 satis
935 505 1147 560 apparet,
1185 496 1410 560 Cyclicos
1442 501 1610 560 poetas
1649 513 1725 545 res

243 576 353 607 suas
367 561 540 608 eodem
554 562 738 617 ordine,
756 578 851 624 quo
871 561 1100 624 deinceps
1126 570 1401 609 consecutae
1423 570 1597 618 essent,
1622 578 1722 610 non

247 625 309 673 ad
330 625 532 673 formam
557 627 791 690 Odysseae
814 634 1004 682 nostrae,
1039 627 1319 674 narravisse.

315 691 438 747 Quae
462 708 609 754 quum
633 692 700 738 ita
725 693 834 747 sint,
873 692 977 755 quis
999 700 1140 754 putet
1162 691 1269 738 illos
1306 708 1471 741 omnes
1511 709 1616 740 eam
1656 710 1726 740 ar-

246 763 361 813 tem,
389 774 496 820 quae
519 764 618 804 tam
643 757 832 804 eximiae
854 756 1169 820 perfectionis
1193 773 1337 805 causa
1360 765 1447 813 est,
1478 758 1516 804 si
1540 759 1598 806 ab
1625 758 1728 806 Ho-

246 838 381 869 mero
405 822 669 870 adhibitam
692 823 940 879 vidissent,
977 831 1061 870 aut
1084 839 1183 870 non
1207 821 1517 879 intellexisse,
1554 831 1637 870 aut
1658 824 1729 870 in-

244 887 492 935 tellectam
515 887 728 935 aemulari
765 888 1004 940 noluisse?
1060 889 1186 935 Nam
1221 904 1283 935 ne
1322 904 1421 935 non
1461 888 1724 952 potuerint,

243 969 307 1000 ne
332 953 581 1016 ingenium
605 953 690 1000 tali
733 954 1023 1018 praestantiae
1061 954 1213 1017 impar
1253 953 1505 1001 attulerint
1544 970 1727 1010 omnes,

245 1019 402 1066 vereri
442 1035 587 1065 nemo
614 1018 727 1082 jure
763 1026 940 1082 potest.
1011 1018 1090 1067 Ac
1127 1036 1189 1067 ne
1235 1018 1481 1066 Hesiodus
1515 1019 1727 1083 quidem,

244 1097 390 1146 quem
413 1091 576 1131 tamen
603 1084 774 1131 Critici
796 1084 1043 1147 praecipuo
1066 1084 1176 1132 loco
1199 1085 1249 1131 in
1273 1101 1529 1132 numerum
1552 1084 1728 1132 retule-

242 1157 372 1204 runt,
409 1148 669 1212 quidquam
699 1149 761 1196 ad
798 1149 936 1197 illum
971 1149 1169 1197 modum
1207 1150 1441 1198 cecinisse
1480 1150 1725 1213 putandus

242 1220 330 1260 est.
401 1215 635 1276 Arguunt
658 1214 927 1278 ΙιοοἜςνγα,
964 1231 1057 1262 nec
1081 1231 1193 1262 cum
1233 1214 1595 1270 Alexandrinis,
1632 1231 1725 1263 nec

242 1295 353 1325 cum
379 1278 611 1326 Lucretio
635 1287 718 1326 aut
742 1279 950 1343 Virgilio
986 1280 1364 1343 comparandum
1395 1296 1531 1343 OPUS‚
1568 1296 1727 1344 neque

240 1344 395 1391 multo
436 1344 698 1392 absolutius
736 1361 878 1408 quam
918 1345 1252 1410 Theognideae
1292 1345 1549 1393 sententiae
1567 1357 1610 1404 ει;
1657 1362 1728 1392 ar-

239 1418 401 1472 guunt
424 1409 528 1467 alia,
566 1410 724 1458 eidem
749 1411 863 1458 olim
888 1410 1036 1459 dubio
1075 1427 1266 1462 rumore
1305 1410 1502 1459 tributa.
1572 1410 1725 1458 Deni-

236 1492 332 1539 que
357 1476 501 1523 etiam
524 1484 876 1540 postremorum
903 1484 1176 1540 temporum
1209 1479 1372 1540 poetae
1411 1476 1722 1540 quodammo-

241 1541 304 1587 do
335 1541 615 1598 ostendunt,
668 1559 718 1590 se
780 1542 841 1590 de
886 1542 1146 1591 artificioso
1199 1549 1437 1590 contextu
1476 1541 1656 1590 Iliados
1695 1559 1724 1590 a

238 1605 585 1654 Grammaticis
609 1623 708 1654 non
733 1607 1020 1656 dissensisse.
1089 1608 1247 1664 Quam
1271 1608 1440 1670 inepto
1457 1607 1586 1655 enim
1612 1623 1726 1655 con-

240 1672 348 1720 silio
371 1672 424 1728 is,
462 1689 606 1736 quem
630 1672 779 1737 vulgo
805 1674 1045 1729 Quintum
1082 1673 1338 1721 Calabrum
1362 1681 1556 1728 vocant,
1586 1671 1726 1737 rhap-

241 1737 400 1785 sodias
424 1755 531 1786 suas
554 1738 690 1786 velut
713 1739 944 1787 maturius
979 1740 1196 1802 abruptae
1239 1737 1379 1786 Iliadi
1419 1738 1724 1802 supplemen-

239 1810 345 1850 tum
370 1803 670 1860 attexuisset,
707 1804 797 1852 nisi
822 1804 1044 1867 exempla
1081 1805 1296 1868 priorum
1329 1811 1603 1868 temporum
1644 1821 1725 1851 an-

237 1876 287 1915 te
312 1868 478 1916 oculos
501 1869 765 1918 habuisset!
831 1870 1096 1933 Culpamus
1120 1870 1316 1933 quidem
1341 1885 1469 1926 eum,
1494 1876 1724 1933 tanquam

238 1934 409 1981 rudem
433 1943 804 1999 praeceptorum,
831 1952 939 1999 quae
956 1952 1086 1983 nunc
1104 1935 1243 1999 pueri
1268 1951 1328 1982 ex
1354 1935 1604 1982 Batteusio
1627 1935 1720 1982 dis-

236 2009 380 2046 cunt:
418 2016 533 2047 num
558 2002 716 2048 minus
740 2001 1060 2065 culparemus,
1099 2001 1136 2048 si
1160 2001 1286 2048 forte
1312 2000 1466 2048 Iliada
1488 2000 1538 2047 in
1562 2001 1722 2049 reditu

240 2064 447 2112 Achillis
471 2066 671 2122 finitam,
708 2074 852 2129 atque
875 2066 990 2114 inde
1014 2067 1076 2113 ad
1102 2065 1331 2114 Hectoris
1353 2064 1502 2113 funus
1541 2067 1601 2113 ab
1637 2065 1722 2114 illo

237 2130 507 2194 suppletam
548 2131 861 2179 haberemus?
912 2131 1304 2180 Accommodare
1340 2138 1390 2179 et
1428 2131 1721 2195 subjungere

236 2212 286 2242 se
311 2197 453 2243 rebus
478 2197 568 2244 scit
589 2197 892 2261 philosophia
915 2198 1044 2254 artis,
1071 2214 1169 2245 non
1191 2214 1300 2245 raro
1322 2198 1468 2246 etiam
1492 2196 1720 2245 fortuitis.

237 2260 526 2325 Catalogum
544 2263 789 2326 copiarum
809 2263 847 2309 si
872 2279 971 2310 non
994 2262 1265 2327 legeremus
1292 2263 1345 2309 ll.
1366 2261 1453 2319 B‘.‚
1478 2261 1561 2310 illa
1582 2262 1718 2319 nihil,

235 2334 371 2389 puto,
409 2328 636 2374 omissum
661 2336 967 2391 quereretur3
1004 2327 1205 2376 forsitan
1229 2328 1351 2376 adeo
1389 2344 1495 2376 eam
1531 2334 1719 2392 partem

235 2390 468 2448 historici,
506 2409 604 2439 non
627 2398 785 2456 poetae
817 2410 920 2442 esse
958 2394 1218 2451 docuisset,
1255 2393 1610 2456 ridendumque
1651 2409 1721 2441 es-

237 2473 302 2512 se,
341 2457 421 2520 qui
445 2457 647 2505 heroum
672 2460 894 2507 notitiam
919 2460 1097 2524 absque
1122 2477 1179 2507 ea
1216 2476 1436 2508 mancam
1474 2459 1717 2507 existima-

235 2531 312 2570 ret
330 2524 363 2569 ¹³.

277 2664 297 2682 a
319 2653 467 2694 Legitimi
485 2654 640 2685 Carminis
655 2654 840 2691 didascalici,
861 2656 895 2686 id
916 2661 961 2686 est
978 2656 1053 2697 ejus,
1069 2657 1102 2687 in
1118 2666 1180 2697 quo
1193 2665 1258 2686 una
1278 2665 1329 2686 ars
1342 2654 1406 2686 sive
1426 2654 1569 2686 doctrina
1583 2654 1647 2686 sive
1661 2655 1718 2686 ali-

234 2696 318 2737 quod
333 2703 553 2736 argumentum
571 2709 671 2728 unum
687 2699 859 2729 continenti
876 2701 1058 2730 tractatione
1082 2699 1218 2738 partium
1232 2699 1408 2735 absolvitur,
1432 2698 1534 2738 prima
1548 2698 1718 2738 specimina

234 2740 406 2778 reperimus
420 2739 452 2769 in
472 2740 682 2780 Xenophanis‚
707 2742 909 2779 Parmenidis,
926 2743 1126 2782 Empedoclis
1147 2752 1218 2782 opp.
1235 2742 1424 2783 mekerias-15,
1447 2751 1581 2782 quorum
1596 2741 1718 2772 utinam

233 2781 410 2823 fragmenta
424 2782 526 2819 edant,
541 2784 594 2824 qui
609 2784 737 2814 collecta
751 2791 880 2816 servant.
925 2786 1004 2816 Mox
1020 2785 1198 2827 neglectum
1220 2784 1253 2815 id
1267 2795 1368 2826 genus
1382 2786 1421 2815 ab
1439 2784 1559 2820 Atticis,
1577 2784 1631 2825 qui
1645 2794 1717 2824 pro-

232 2836 275 2855 sae
298 2825 339 2856 ad
363 2824 577 2857 doctrinarum
603 2837 696 2857 usum
711 2827 889 2858 excolendae
912 2829 1022 2859 utilius
1043 2828 1218 2863 studebant,
1244 2828 1441 2867 perfecerunt
1467 2826 1683 2864 Alexandrini,
1699 2838 1719 2858 a

231 2868 346 2908 quibus
356 2868 439 2899 venit
454 2869 493 2900 ad
511 2870 678 2906 Romanos,
703 2876 733 2901 et
746 2872 784 2901 ab
807 2871 919 2901 horum
935 2872 1063 2913 ingenio
1086 2881 1166 2902 nova
1179 2876 1363 2902 ornamenta
1384 2870 1512 2911 accepit.
1557 2870 1647 2901 Huic
1660 2880 1715 2912 ge-

233 2912 301 2941 neri
317 2911 478 2952 prolusum
493 2918 547 2949 est,
564 2923 627 2943 non
644 2914 823 2953 exemplum
838 2914 946 2945 datum
962 2916 1000 2946 ab
1018 2914 1161 2946 Hesiodo
1176 2921 1207 2945 et
1224 2913 1395 2945 Gnomicis.

275 2955 296 2984 b
319 2954 384 2986 Hic
401 2955 489 2987 nobis
513 2955 546 2988 in
561 2961 700 2988 mentem
714 2957 800 2990 venit
822 2964 1080 3000 argumentorum
1095 2957 1307 2995 ridiculorum,
1335 2967 1398 2996 seu,
1422 2963 1458 2989 ut
1476 2955 1557 2990 Gen.
1581 2956 1650 2989 111.
1668 2959 1717 2987 11.

965 3009 989 3038 ὅ
