1856 3235
574 217 1135 267 PROLEGOMENA.
1536 229 1630 273 295

126 371 264 404 versa
284 353 406 402 facie
431 358 480 400 et
502 349 672 397 habitu
708 349 992 398 Carminum
1017 348 1290 413 quaerimus,
1318 368 1417 401 non
1442 363 1516 404 est
1540 355 1626 404 du-

127 422 278 477 bium,
304 419 419 483 quin
443 423 578 464 recte
597 414 824 462 divinarit
847 414 1137 478 Giphanius‚
1163 418 1398 478 vulgatam
1415 429 1624 469 nostram

126 487 430 535 recensionem
454 497 550 529 esse
573 482 719 544 ipsam
744 481 1108 528 Aristarclzeam.
1181 480 1362 531 Melius
1387 485 1480 534 hoc
1503 487 1628 552 diju-

129 552 384 606 dicabitur,
401 548 570 595 saltem
586 547 735 610 justae
756 547 1037 594 tractationi
1052 546 1196 611 hujus
1221 550 1500 611 quaestionis
1519 569 1625 616 pro-

134 618 330 665 ludetur
352 630 439 677 per
462 630 532 670 ea,
571 629 680 676 quae
704 629 836 660 nunc
861 612 1116 661 additurus
1154 630 1260 660 sum
1299 615 1360 662 de
1392 617 1629 672 ἀθετὴσεσιν

133 690 277 745 atque
310 679 466 727 lituris
500 679 645 727 illius.

193 745 412 794 Multum
459 745 590 792 enim
636 743 798 792 differt
852 744 981 792 inter
1021 744 1217 792 obelum
1257 746 1358 794 sive
1421 748 1627 806 ἀθέτησιν,

129 828 236 876 quae
258 803 594 867 vere'dicitur‚
634 818 684 858 et
718 811 848 858 inter
877 810 1089 857 lituram.
1161 810 1503 860 Aristarchum
1549 832 1630 862 au-

127 887 228 927 tem
252 878 303 924 in
327 876 710 924 correctionibus
748 877 844 923 suis
868 892 968 923 non
990 876 1172 940 ubique
1195 877 1288 925 ista
1311 887 1429 926 nota
1469 897 1627 938 usum,

130 944 215 992 sed
238 942 378 1007 plura
401 943 547 990 etiam
588 941 812 989 funditus
849 941 1097 989 sustulisse
1138 959 1196 990 ac
1233 943 1484 1002 delevisse,
1525 954 1631 994 tum

127 1026 231 1058 mos
264 1009 480 1073 priorum
519 1008 880 1055 Technicorum
909 1007 1142 1055 credibile
1176 1007 1297 1057 facit
1321 1020 1352 1067 ²,
1379 1018 1484 1058 tum
1510 1011 1632 1060 Am-

129 1076 282 1124 monii
308 1074 436 1122 clare
462 1074 608 1122 docet
632 1073 896 1121 auctoritas
920 1083 955 1120 b.
1027 1073 1141 1130 Quo
1166 1074 1450 1125 discrimine
1497 1077 1627 1127 fece-

127 1142 191 1190 rit
204 1148 484 1204 utrumque,
509 1140 870 1203 incompertum
894 1139 1141 1187 habemus.
1211 1141 1384 1189 Litura
1399 1160 1484 1191 seu
1501 1143 1629 1194 falce

132 1224 243 1256 eum
266 1223 407 1254 usum
433 1206 602 1253 credas
627 1206 677 1252 in
700 1205 758 1252 iis
782 1205 1016 1262 versibus,
1060 1222 1181 1269 quos
1205 1207 1283 1254 vel
1307 1208 1450 1256 nimis
1486 1210 1629 1259 luxu-

130 1274 281 1321 riosos
297 1272 559 1336 judicaret,
588 1270 664 1318 vel
695 1271 849 1318 modis
875 1278 925 1319 et
949 1272 1161 1320 numeris
1188 1272 1468 1322 Homericis
1494 1277 1632 1325 abso-

130 1355 237 1397 nOS,
277 1337 355 1385 vel
383 1337 649 1385 contrarios
691 1337 947 1384 sententiae
984 1339 1282 1387 sermonisve
1308 1339 1474 1388 Graeci
1513 1341 1632 1407 legi-

130 1406 220 1453 bus
243 1411 328 1451 aut
351 1420 472 1467 quos
496 1405 545 1451 in
571 1403 766 1467 optimis
790 1402 1148 1467 exemplaribus
1172 1421 1271 1452 non
1296 1407 1555 1470 reperisset
1577 1413 1594 1431 ‘³
1616 1429 1630 1470 ;

129 1538 268 1569 Hesvch.
279 1548 308 1577 p.
326 1540 397 1568 284.
445 1537 595 1568 Similiter
618 1537 763 1569 fecerunt
780 1538 986 1569 Grammatici
1005 1538 1110 1569 Graeci
1132 1539 1165 1570 in
1194 1540 1362 1572 Herodoto
1378 1548 1410 1573 ct
1434 1543 1630 1585 ffiucydide,

129 1570 299 1621 multisque
313 1581 399 1618 aliis3
420 1591 495 1610 mox
513 1580 628 1616 Latini,
656 1587 806 1622 tanquam
832 1581 985 1612 octavius
998 1582 1175 1622 Lampadio
1199 1584 1233 1614 in
1262 1585 1365 1615 Naevii
1382 1586 1474 1617 Bello
1499 1588 1632 1619 Punico.

129 1624 182 1654 De
196 1624 324 1664 reliquo,
340 1623 426 1663 quod
444 1624 662 1654 Aristarchum
676 1625 768 1664 liujus
780 1623 928 1658 διασκευῆς
943 1631 1056 1656 nostrae
1071 1627 1268 1666 conjectorem
1287 1628 1418 1667 appello,
1436 1640 1494 1661 cur
1509 1631 1554 1662 ita
1568 1641 1633 1663 cre-

128 1667 211 1702 dam,
229 1666 292 1698 alio
306 1666 469 1697 volumine
481 1667 649 1706 explicabo.
694 1668 753 1698 Est
767 1667 848 1698 illud
870 1667 978 1707 paullo
991 1667 1148 1699 diversum
1164 1680 1183 1700 a
1198 1670 1370 1711 quaestione
1384 1674 1422 1703 de
1436 1680 1562 1706 auctore
1583 1686 1633 1707 re-

131 1712 282 1742 censionis
302 1716 420 1741 nostroe.
467 1710 659 1750 Quanquam
674 1721 733 1742 nec
746 1711 814 1742 haec
828 1711 959 1752 quaestio
974 1712 1156 1751 pertractari
1172 1713 1223 1744 hic
1239 1720 1348 1753 potest,
1364 1721 1402 1746 ut
1416 1715 1517 1747 debet.

173 1764 193 1783 a
216 1753 299 1783 Vide
314 1763 406 1792 supra
422 1764 452 1792 p.
471 1756 543 1784 268.
559 1759 591 1784 et
603 1756 675 1784 278.

171 1797 193 1826 b
209 1796 313 1827 Schol.
337 1796 386 1827 ad.
396 1796 432 1827 κ’.
444 1799 508 1828 597
524 1814 568 1820 -
581 1800 654 1829 599.
668 1796 824 1837 Ἀμμώνιος
835 1798 849 1827 ὃ
863 1797 1078 1841 Ἀρισταίρχειος
1092 1799 1203 1842 ‘redimit
1217 1800 1268 1839 μὲν
1283 1804 1427 1841 στιγμαῖς
1439 1803 1475 1843 (i.
1486 1813 1513 1834 e.
1521 1803 1635 1845 obelis)

129 1841 198 1879 φησὶ
214 1839 260 1871 τὸν
271 1839 464 1883 Ἀρίσταρχον
489 1839 793 1882 παρασημειώσασθαι
806 1841 919 1876 αὐτούς,
937 1840 1002 1872 εἶτα
1014 1842 1111 1873 τέλεον
1126 1844 1236 1882 ἐξελεῖν,
1253 1845 1344 1885 τάχα
1359 1844 1408 1876 διὰ
1430 1847 1464 1877 τὸ
1478 1848 1526 1878 ἐπὶ
1540 1847 1636 1879 Esuri-

131 1896 178 1925 ρου
192 1883 340 1925 oreada-ou
354 1884 388 1914 τὸ
411 1885 490 1922 σφίσι
506 1885 674 1924 τετάχθαι,
690 1884 742 1914 καὶ
768 1884 875 1915 ἅνω-θεν
889 1885 1111 1925 μετενηνέχθαι.
1156 1887 1207 1917 Ex
1231 1887 1327 1917 simili
1349 1888 1438 1919 sonte
1460 1889 1635 1922 derivatum

130 1925 252 1957 videtur
266 1925 311 1963 id,
325 1926 410 1967 quod
431 1926 472 1957 ad
487 1926 516 1957 ε’.
533 1930 604 1956 808.
620 1927 747 1967 legitur:
773 1928 804 1958 οὐ
819 1927 954 1958 καθόλου
963 1928 1064 1970 εὑρέθη
1075 1930 1159 1972 παρὰ
1172 1930 1360 1973 Ἀριστάρχῳ
1376 1932 1410 1962 τὶ
1421 1932 1549 1968 Ῥηϊδίως
1563 1948 1591 1965 κ.
1607 1948 1636 1966 τ.

132 1976 163 2000 λ.
187 1969 291 2005 Quem
309 1979 442 2005 versum,
458 1969 654 2009 ineptissimo
668 1969 738 2000 loco
751 1971 919 2009 repetitum
936 1981 974 2001 ex
990 1970 1022 2002 δ’.
1038 1975 1124 2007 590.,
1139 1972 1257 2003 ibidem
1273 1973 1433 2010 discimus,
1456 1977 1636 2016 appositum

132 2021 197 2042 (sse
212 2022 231 2042 a
248 2012 429 2050 Zenodow3
447 2022 489 2042 an
504 2013 544 2043 ab
560 2013 618 2043 hoc
633 2023 699 2043 uno
713 2019 745 2043 et
759 2014 869 2052 primo,
882 2023 948 2044 non
963 2020 1093 2045 constat.
1143 2015 1197 2046 Ad
1212 2016 1297 2047 idern
1311 2027 1412 2058 genus
1427 2018 1530 2050 liturae
1545 2031 1635 2059 spec·

132 2060 178 2084 tat
191 2054 318 2085 fortasse
332 2056 462 2086 verbum
479 2057 609 2098 ἱκιιςίνειν
632 2056 666 2086 ἰη
688 2055 836 2095 praeclara
849 2062 925 2087 nota
953 2057 1124 2088 Aristonici
1139 2058 1180 2089 ad
1206 2060 1248 2091 θ’.
1264 2063 1337 2091 555.
1352 2062 1492 2104 Ἐγκρίνει
1508 2062 1534 2094 δὲ
1549 2065 1636 2103 μᾶλ-

134 2105 184 2128 λαν
200 2099 212 2128 o‘
227 2099 420 2142 Ἀρίσταρχος
436 2099 501 2132 Αϊοῖις
516 2098 665 2140 δευτέρους.
687 2100 759 2140 (vss.
775 2103 837 2130 555
852 2117 896 2123 -
911 2100 999 2140 557.)

176 2151 194 2171 c
212 2140 322 2171 Isidor.
339 2142 449 2182 Origg.
467 2142 494 2172 Ι.
511 2145 561 2172 20.
580 2143 684 2173 Obelus
695 2145 861 2182 apponitur
872 2144 967 2174 verbis
981 2149 1035 2174 auc
1048 2147 1205 2176 sententiis
1219 2149 1371 2188 superflue
1382 2149 1512 2180 iteratis.
1558 2149 1635 2181 Huc

134 2184 291 2222 pertinent
306 2186 469 2215 recidenda
493 2186 654 2216 ambitiosa
669 2192 849 2216 ornamenta
876 2196 925 2225 ap.
943 2186 1023 2217 Hor.
1069 2187 1115 2218 At
1128 2188 1252 2229 gravior
1271 2189 1358 2220 locus
1373 2197 1419 2221 est
1432 2192 1582 2231 Apollon.
1597 2193 1636 2224 de

136 2227 223 2266 Synt.
249 2227 351 2262 1.11.,
377 2228 431 2258 ubi
458 2234 621 2268 postquam
643 2228 769 2259 monuit
792 2228 831 2259 de
847 2229 1082 2261 abundantibus
1104 2231 1209 2267 literis,
1232 2232 1358 2273 syllabis
1388 2241 1420 2264 et
1446 2234 1636 2267 dictionibus

135 2270 281 2309 (λέξεσιν),
297 2269 391 2306 addit,
407 2270 566 2302 interdum
582 2272 677 2302 etiam
692 2272 726 2302 in
742 2277 806 2302 tota
819 2272 960 2303 oratione
974 2283 1039 2304 esse
1062 2273 1180 2315 aliquid
1196 2286 1471 2315 supervacaneum,
1491 2284 1556 2310 ΚΑΙ
1574 2287 1637 2311 ΛΟ.

136 2317 240 2344 ΓΟΤΣ
256 2314 327 2344 ποτὶ
341 2315 508 2357 παρέλκειν,
523 2316 590 2358 πρὸς
606 2314 678 2346 οὐδὲν
695 2315 894 2350 συντείνοντας
908 2317 967 2355 εἴγε
982 2317 1104 2351 πλείους
1122 2320 1283 2354 ἀθετήσεις,
1299 2321 1306 2331 ’
1350 2323 1496 2365 ιστάξχου
1510 2321 1555 2353 διὰ
1571 2324 1635 2358 τοὺς

134 2357 274 2390 τοιούτους
292 2357 412 2399 τρόπους
429 2358 561 2397 ἐγένοντο.
609 2358 690 2389 Haec
705 2358 833 2398 plenam
847 2359 951 2389 lucem
963 2362 1185 2399 exspectabant
1199 2373 1235 2392 ex
1256 2328 1389 2394 Schiffiis
1405 2365 1543 2395 Venetis.
1590 2366 1635 2396 Ut

133 2398 168 2430 σ’.
183 2402 226 2431 59
239 2417 284 2423 —-
299 2403 358 2431 49..
371 2401 479 2440 longus
494 2411 633 2432 recensus
651 2403 832 2437 1Vereidum,
848 2401 1074 2434 confluentium
1091 2405 1130 2435 ad
1147 2405 1324 2444 plorantem
1347 2407 1524 2444 Thetidem,
1541 2419 1637 2449 quem

134 2451 299 2473 recensum
326 2450 357 2472 et
378 2444 417 2473 ab
436 2442 585 2484 Argolico
604 2444 747 2484 exemplo
772 2445 908 2476 abfuisse
924 2446 1121 2478 Callistratus
1143 2449 1330 2487 prodiderat,
1355 2461 1373 2480 a
1389 2451 1551 2482 Zenodoto
1573 2453 1637 2492 pri-

135 2494 234 2521 mum,
248 2491 317 2516 tum
333 2487 372 2516 ab
388 2487 572 2517 Aristarcho
587 2487 706 2518 nimius
720 2489 889 2527 putabatur
911 2489 1121 2526 (ambiciosum
1136 2498 1370 2534 ornamentum)
1392 2500 1424 2524 et
1439 2496 1586 2533 ἦθετεῖτο,
1602 2497 1637 2530 ὣς

133 2527 275 2560 Ἤσιὸδιιον
290 2529 367 2570 ἔχων
385 2530 569 2572 χαρακτῆρα
585 2544 613 2560 κ.
630 2544 660 2561 τ.
690 2538 720 2562 λ.
765 2531 831 2562 Ubi
851 2532 951 2562 obiter
967 2532 1060 2568 vides,
1083 2536 1216 2573 spectari
1233 2536 1462 2576 Theogoniam,
1486 2545 1637 2578 tanquam

136 2571 311 2610 genuinum
341 2572 476 2603 Carmen
494 2573 571 2603 vatis
588 2574 717 2604 Ascraei.
763 2575 886 2605 Mansit
901 2581 1005 2606 tamen
1022 2577 1073 2607 hic
1089 2577 1176 2609 locus
1190 2579 1223 2609 in
1245 2586 1333 2610 textu
1354 2580 1533 2616 Aristarchi,
1552 2582 1637 2612 unde

138 2623 213 2644 eum
239 2614 273 2644 in
290 2615 496 2646 imitationem
525 2626 616 2647 suam
633 2617 726 2648 traxit
742 2617 907 2658 Virgilius.
952 2619 1036 2650 Nam
1051 2621 1091 2650 ab
1118 2620 1173 2652 illo
1191 2622 1309 2654 Critico
1328 2624 1508 2661 pendebant
1532 2624 1638 2655 Latini

138 2665 256 2687 omnes.
303 2657 353 2689 Ita
370 2659 515 2690 Ciceroni
541 2660 622 2699 Epp.
650 2660 688 2690 ad
715 2661 829 2691 Famil.
855 2662 894 2691 X.
915 2665 963 2692 15.
988 2669 1020 2693 et
1048 2663 1202 2695 Straboni.
1219 2666 1245 2696 I.
1272 2677 1300 2705 p.
1321 2669 1367 2697 17.
1384 2677 1447 2697 non
1472 2667 1638 2698 excidisset

139 2698 219 2729 illud
234 2699 274 2730 de
287 2700 424 2734 Ὀδυσσῆϊ
447 2704 651 2746 πτολιπὸρθῳ,
666 2703 724 2733 nisi
740 2705 827 2743 pueri
845 2705 876 2734 in
894 2704 1007 2736 scholis
1029 2706 1197 2744 audissent,
1220 2709 1440 2741 Aristarchum
1467 2711 1639 2743 ν’,ἓὶεη-ηκίναι

139 2751 246 2772 versus
261 2753 356 2783 prope
370 2754 489 2781 omnes,
505 2746 558 2786 qui
587 2757 672 2776 nunc
686 2748 844 2787 Ἀχιλλῆα
859 2749 1058 2791 πτολίπορθον
1071 2751 1198 2781 habent.
1243 2754 1317 2789 Quo
1344 2763 1401 2783 nos
1413 2753 1563 2791 probabili
1590 2764 1638 2784 ra-

139 2785 225 2815 tione
240 2784 361 2817 ducunt
377 2787 502 2819 Scholia
523 2789 563 2819 ad
579 2789 619 2820 θ’.
635 2793 707 2820 571.
723 2797 753 2820 et
769 2801 864 2829 prox„
888 2798 958 2821 tum
973 2793 1012 2823 ad
1029 2798 1056 2823 d.
1070 2796 1111 2825 56
1126 2811 1171 2818 —
1187 2798 1245 2831 77„
1274 2795 1365 2826 obelo
1380 2802 1502 2826 notatos
1517 2803 1642 2835 propter

142 2828 182 2858 τὰ
198 2829 258 2859 inu*
268 2829 318 2859 οὐκ
329 2831 497 2870 ἀναγκαίως
515 2834 788 2872 παλιλλσγοόμενα,
801 2840 833 2864 et
843 2834 921 2864 alias
930 2845 1046 2872 causas,
1059 2836 1092 2866 in
1107 2838 1222 2878 quibus
1232 2840 1298 2869 haec
1310 2845 1449 2869 extrema
1463 2845 1524 2870 est:
1551 2841 1642 2873 Φησὶν

139 2872 369 2914 ἇἈςίστοιρχος,
394 2873 437 2904 ἔτι
453 2874 563 2917 οὐδαμῇ
584 2876 631 2906 τδν
646 2877 797 2916 Ἀχιλλέα
813 2879 1022 2919 πτολίπορθον
1043 2880 1156 2922 εἴρηκεν,
1181 2883 1268 2912 ἀλλὰ
1295 2881 1426 2930 ποδάςκη
1442 2884 1493 2912 καὶ
1517 2881 1642 2917 πσδῶκη.

140 2913 252 2955 Neque
278 2915 485 2953 Aristarchus
512 2925 547 2949 ut
572 2919 719 2958 suspicor,
750 2919 781 2950 id
798 2920 956 2960 epitheton
973 2925 1091 2961 putavit
1107 2926 1274 2956 convenire
1299 2924 1433 2964 Achilli,
1449 2925 1502 2966 qui
1523 2925 1642 2958 bellum
