1856 3235
544 227 1101 277 PROLEGOMENA.
1495 235 1589 276 299

108 377 384 427 cognoscas,
410 375 533 423 saepe
556 359 646 407 tibi
668 360 726 406 ab
750 358 823 405 his
853 359 1155 406 Carminibus
1179 358 1240 405 ad
1265 358 1583 422 Apollonium

108 428 368 482 Rhodium,
395 425 455 472 ad
479 424 595 471 alios
620 423 977 471 Alexandrinos
1000 427 1166 486 po'etas
1191 431 1240 470 et
1264 425 1325 470 ad
1353 441 1477 480 eum,
1499 425 1583 488 qui

107 493 256 556 vulgo
297 489 496 538 Homeri
540 488 701 552 imago
745 495 956 552 putatur,
1007 489 1245 545 Quintum
1284 489 1584 552 Smyrnaeum

107 554 526 605 transcurrendum
551 561 638 601 est.
709 554 843 611 Quid
866 560 1058 602 autem?
1092 554 1129 600 si
1154 553 1407 600 mirificum
1447 555 1585 602 illum

107 628 393 670 concentum
417 628 695 666 revocatum
721 620 770 666 in
794 620 957 682 primis
985 619 1254 666 Aristarchi
1281 618 1490 682 eleganti
1513 621 1583 666 in-

106 687 250 751 genio
284 692 333 733 et
357 685 591 732 doctrinae
615 685 861 732 debemus.
932 684 1093 741 Quid?
1127 685 1164 731 si
1188 684 1267 731 hic
1291 685 1394 747 ipse
1430 684 1582 732 Zeno-

107 751 207 799 doti
231 757 280 797 et
313 750 605 813 antiquiores
629 750 1024 813 interpolationes
1065 749 1337 813 multosque
1379 749 1583 797 absonos

101 831 263 864 versus
288 815 506 873 sustulit3
543 815 662 862 tales
685 815 811 871 dico,
845 816 1007 878 quales
1030 815 1194 878 paullo
1215 823 1328 862 ante
1353 815 1516 861 notavi
1543 818 1581 861 a:

103 897 221 944 quos
244 881 326 943 qui
349 879 474 927 forte
499 890 659 927 erutos
683 881 819 928 nobis
841 881 1136 943 postliminio
1160 881 1413 928 restituere
1438 880 1586 928 vellet

100 962 252 993 novus
275 945 447 1002 editor,
472 946 723 1001 rideretur,
750 956 805 993 ut
827 947 1010 1009 opinor,
1034 948 1092 994 ab
1118 947 1173 993 iis
1196 946 1324 1009 ipsis,
1351 946 1433 1009 qui
1451 962 1585 992 nunc

102 1010 371 1058 Aristarchi
406 1027 610 1058 acumen
643 1011 819 1059 rident.
891 1011 1054 1067 Quid?
1088 1012 1125 1059 si
1152 1012 1502 1074 Aristophanes
1535 1018 1586 1057 et

106 1075 414 1123 Aristarchus
439 1076 773 1139 comparandis
796 1077 1049 1124 vetustatis
1085 1077 1409 1124 monumentis
1434 1076 1586 1123 omni-

101 1143 192 1189 bus
214 1141 459 1205 proprium
495 1142 648 1189 aetatis
673 1141 1100 1205 cujusquessonum
1126 1151 1176 1190 et
1198 1142 1438 1205 legitimas
1462 1142 1583 1188 anti-

102 1223 209 1270 quae
248 1207 476 1254 orationis
521 1206 697 1254 formas
741 1207 1025 1263 calluerunt,
1068 1216 1118 1255 et
1163 1208 1308 1255 iidem
1359 1207 1585 1270 Hymnos

103 1280 398 1334 caeterosque
423 1272 581 1328 libros,
602 1272 717 1319 olim
736 1289 912 1335 magno
931 1290 1132 1320 numero
1159 1273 1361 1320 Homeri
1386 1273 1584 1320 nomine

101 1337 390 1394 venditatos,
415 1346 642 1401 tanquam
667 1339 852 1400 spurios
891 1338 1153 1386 Homerica
1175 1338 1355 1385 faimlia
1378 1354 1586 1384 summo-

104 1410 294 1458 verunt,
334 1403 572 1466 primique
595 1403 646 1449 in
685 1403 778 1451 hoc
802 1420 982 1466 genere
1007 1404 1187 1451 altioris
1225 1421 1282 1451 ac
1323 1403 1587 1450 subtilioris

95 1467 283 1531 judicii,
309 1468 391 1515 sed
417 1468 688 1516 hominibus
713 1468 899 1516 Graccis
923 1470 1081 1516 minus
1107 1469 1329 1526 difficilis,
1345 1467 1586 1516 excellue-

100 1541 216 1580 runt
233 1541 379 1595 atque
401 1533 629 1596 praeclara
652 1534 872 1597 exempla
894 1535 1135 1582 dederunt
1158 1534 1192 1582 b.

167 1598 358 1655 Fateor,
384 1598 486 1646 haec
510 1598 671 1645 omnia
707 1616 734 1646 a
757 1599 895 1646 nobis
918 1616 1016 1647 non
1053 1617 1191 1664 posse
1216 1600 1485 1648 confirmari
1523 1600 1584 1647 ob

103 1670 343 1727 egestates
381 1662 611 1711 fontium:
650 1671 700 1711 et
724 1664 958 1712 clarorum
995 1672 1268 1729 temporum
1302 1666 1465 1714 lucem
1507 1682 1588 1712 ex-

104 1727 342 1792 spectanti
382 1729 556 1776 sensim
594 1730 810 1792 subrepit
849 1731 1048 1778 taedium
1088 1731 1500 1794 conjecturarum:
1539 1738 1590 1778 at

107 1810 249 1840 unam
288 1810 389 1841 rem
413 1810 511 1841 non
536 1793 692 1842 debeo
737 1795 974 1852 omittere,
1001 1797 1062 1844 ad
1088 1796 1329 1860 judicium
1367 1804 1588 1844 nostrum

104 1858 163 1906 de
194 1859 287 1906 hoc
310 1859 508 1923 vulgato
551 1853 768 1907 Homero
790 1862 1129 1924 gravissimam.
1197 1863 1324 1910 Nam
1361 1871 1417 1910 ut
1456 1861 1591 1910 Aris-

102 1923 300 1971 tarchus
334 1941 362 1971 a
383 1924 598 1988 pluribus
622 1932 843 1973 veterum
867 1928 1041 1989 partim
1066 1928 1194 1976 clare
1217 1929 1392 1992 partim
1410 1928 1589 1976 tectius

105 1989 406 2038 insimulatur
442 1990 663 2039 maximae
687 1992 971 2040 temeritatis
1007 1993 1057 2039 in
1084 1994 1388 2057 corrigendo,
1426 1994 1474 2040 in
1499 1993 1589 2040 tol-

146 2124 165 2144 a
180 2114 219 2144 In
231 2120 294 2145 not.
305 2125 332 2145 a.
346 2121 378 2146 et
390 2117 418 2146 b.
432 2126 462 2156 p.
477 2119 548 2148 296.
574 2116 703 2157 illisque
717 2116 858 2148 addenda
873 2118 995 2149 videtur
1009 2119 1146 2150 maxima
1163 2130 1231 2159 pars
1245 2130 1389 2151 versuum
1406 2131 1522 2155 eorum,
1536 2120 1591 2160 qui

104 2157 138 2187 in
154 2156 273 2198 vulgari
297 2165 402 2188 nostro
440 2165 525 2190 textu
552 2159 653 2190 adhuc
678 2160 835 2196 haerentes,
860 2162 937 2191 mihi
963 2163 1101 2202 plerique
1125 2164 1273 2198 uncinati,
1299 2164 1389 2201 plane
1415 2166 1529 2194 absunt
1551 2165 1590 2193 ab

104 2200 225 2239 optimo
238 2199 344 2231 codice
360 2201 490 2232 Veneto.
535 2202 677 2233 Numero
691 2210 763 2233 sunt
779 2207 828 2234 46.
875 2205 942 2235 Nec
962 2206 1073 2236 horum
1089 2206 1189 2246 magis
1203 2216 1297 2246 quam
1314 2206 1438 2237 illorum
1461 2208 1500 2236 ab
1523 2207 1591 2237 Eu-

105 2243 196 2272 stath.
217 2249 406 2274 servatorum
421 2244 571 2275 indicium
587 2243 621 2275 fit
635 2244 668 2275 in
685 2245 817 2276 Scholiis
832 2248 951 2277 nostris.

146 2286 166 2315 b
185 2285 293 2325 Neque
307 2286 408 2316 solum
428 2287 462 2316 in
478 2287 623 2327 Hymnis‚
649 2294 684 2318 ut
699 2295 783 2327 puto.
828 2290 912 2320 Nam
928 2290 966 2320 ad
983 2290 1052 2321 illos
1066 2291 1261 2330 potissimum
1288 2292 1420 2323 Criticos
1436 2293 1483 2323 vel
1499 2292 1592 2323 disci-

104 2328 195 2367 pulos
208 2338 317 2358 eorum
338 2329 504 2365 retulerim,
527 2330 612 2371 quod
635 2331 853 2363 eruditioribus
877 2334 1018 2364 aetatibus
1042 2335 1164 2364 nullum
1192 2335 1348 2365 ferebatur
1371 2337 1591 2376 ὁμολογούμενον

107 2371 235 2412 γράμμα
250 2373 301 2405 τῆς
315 2372 436 2415 Ὀμήρου
452 2372 583 2407 ποιήσεως
601 2373 790 2417 πρεσβύτερον,
814 2382 851 2406 nt
865 2376 909 2406 ait
923 2377 1048 2415 Joseph.
1095 2378 1154 2407 Sed
1172 2377 1210 2407 de
1234 2378 1372 2417 Hymnis
1388 2389 1482 2418 prope
1505 2389 1593 2409 com-

107 2419 229 2452 pertum
244 2414 350 2450 habeo,
373 2413 457 2455 quod
472 2415 566 2446 modo
580 2415 653 2452 dixi,
677 2417 800 2447 nullum
815 2417 977 2449 doctorum
999 2420 1282 2450 Alexandrinorum
1308 2432 1360 2451 eos
1385 2433 1439 2460 pro
1466 2423 1590 2452 Home·

108 2455 168 2486 reis
194 2457 346 2487 habuisse.
391 2457 498 2488 Etiam
522 2458 573 2488 hic
595 2458 717 2489 silentia
742 2460 921 2502 loquuntur.
967 2463 1039 2492 Non
1065 2463 1150 2503 quod
1174 2463 1288 2494 talibus
1314 2465 1592 2504 significationibus

108 2497 244 2528 multum
260 2499 402 2535 tribuam,
425 2500 525 2540 qualis
539 2507 584 2531 est
598 2511 646 2540 ap.
664 2503 810 2541 Aponon.
826 2504 900 2535 Lex.
916 2515 944 2534 v.
963 2505 1193 2545 Φιλομηλείδῆς;
1218 2508 1274 2537 etsi
1292 2507 1355 2537 ista:
1371 2518 1432 2537 non
1449 2508 1488 2538 de
1511 2508 1593 2538 nihi-

108 2539 140 2570 lo
155 2547 236 2572 sunt.
280 2542 444 2583 Nusquam
458 2543 490 2573 in
507 2549 552 2574 tot
568 2543 700 2575 scholiis
713 2545 753 2576 ad
769 2546 903 2577 Iliadem
921 2554 951 2577 et
968 2548 1147 2587 Odyssean),
1173 2560 1212 2579 ne
1235 2550 1330 2580 semel
1357 2551 1493 2591 quidem,
1518 2562 1590 2582 auc-

109 2582 215 2614 toritas
231 2584 434 2625 Hymnorum
457 2586 591 2622 affertur,
616 2597 714 2627 quum
731 2588 799 2628 ejus
813 2590 855 2619 rei
871 2591 990 2620 occasio
1005 2598 1093 2621 esset.
1140 2593 1245 2623 Immo
1267 2604 1338 2623 cum
1366 2594 1515 2633 exemplis
1538 2595 1593 2624 τῶν

110 2626 241 2668 ium-iem
255 2637 278 2658 s-
294 2629 348 2658 ‘nih
361 2628 432 2667 μεθ’
451 2629 582 2672 ’Ὀμηροη
601 2633 759 2669 poetarum
785 2634 917 2664 Homero
932 2637 1140 2672 posteriorum,
1163 2646 1232 2675 quae
1258 2636 1432 2666 afferuntur
1456 2639 1494 2667 ab
1520 2637 1591 2672 illis,

109 2669 254 2717 confr-enit
273 2679 500 2711 nonnunquam
519 2672 611 2711 plane
626 2672 676 2702 hic
692 2684 765 2703 usus
781 2674 993 2714 Hymnorum.
1039 2678 1118 2712 Quae
1139 2679 1164 2707 si
1190 2689 1261 2709 vcra
1283 2687 1363 2714 sunt,
1387 2680 1478 2710 facile
1494 2686 1594 2718 potest

110 2711 230 2759 conjici,
253 2711 308 2752 qui
327 2712 447 2744 factum
463 2714 510 2751 sit,
534 2721 570 2745 ut
589 2715 664 2745 olim
681 2716 768 2746 nulla
782 2718 910 2748 celebris
924 2719 1019 2749 fuerit
1039 2720 1179 2750 collectio
1197 2722 1408 2761 11ymnorum,
1432 2730 1538 2761 parata
1554 2724 1593 2753 ab

111 2752 233 2801 erudito
250 2753 469 2788 Grammatico.
514 2757 674 2788 Nimirum
693 2759 718 2789 si
734 2759 842 2790 fuisset
856 2761 933 2797 talis,
957 2769 1011 2792 aut
1026 2763 1170 2802 equidem
1193 2765 1436 2795 Scholiastarum
1462 2775 1594 2795 consuc-

110 2795 253 2845 tudinem
269 2797 386 2838 ignoro,
408 2806 463 2830 aut
476 2800 590 2831 alicubi
605 2801 712 2832 saltem
729 2803 796 2843 ejus
811 2813 926 2834 nomen
950 2812 1089 2836 exstaret.
1136 2808 1229 2837 Nunc
1258 2809 1377 2846 Hymni
1405 2810 1442 2838 ab
1468 2808 1595 2846 optimis

110 2839 306 2877 scriptoribus
321 2841 512 2882 antiquitatis
526 2843 667 2885 neglecti,
690 2852 800 2884 praeter
824 2847 1011 2878 Pausaniam
1034 2855 1065 2879 et
1089 2849 1206 2880 similes
1231 2851 1428 2890 antiquarios,
1454 2861 1492 2880 ne
1513 2851 1595 2881 desi-

111 2879 234 2955 gieriqm
256 2882 382 2924 quidem
406 2891 546 2917 nostrum
573 2894 740 2926 moverent,
763 2889 822 2921 nisi
846 2900 914 2921 rara
935 2891 1061 2923 fortuna
1086 2893 1203 2934 aliquot
1228 2893 1371 2925 codicum
1388 2893 1471 2926 foliis
1486 2904 1594 2934 peper-

140 2933 187 2954 sse
201 2944 211 2954 .
