1856 3235
212 202 301 246 174
651 192 1206 242 PROLEGOMENA.

198 324 328 387 ipsis,
355 339 462 386 quae
484 324 831 387 propemodum
857 325 950 371 suis
969 325 1118 372 oculis
1132 324 1235 388 geri
1250 324 1491 374 viderunt.
1531 325 1683 391 Scrip-

198 399 249 436 ta
272 397 433 436 autem
458 405 605 451 quum
629 389 748 435 nihil
772 390 877 436 vitii
902 390 1111 446 trahant,
1145 390 1254 437 loco
1278 408 1305 437 a
1332 392 1493 438 blattis
1535 400 1585 439 et
1623 394 1681 439 ti-

198 454 300 501 neis
324 461 431 502 tuto
455 454 652 501 condita
674 455 724 500 in
749 455 952 512 scriniis3
980 455 1096 517 quid
1119 456 1295 513 obstat,
1314 473 1394 514 ne,
1413 458 1450 503 si
1476 456 1682 520 diligens

196 527 247 567 et
269 535 367 566 non
390 519 529 566 nimis
552 520 779 582 frequens
812 519 1070 582 descriptio
1109 520 1413 579 adhibeatur,
1449 522 1593 569 etiam
1634 540 1680 569 a-

196 585 345 632 missis
368 585 675 648 autographis
697 584 995 646 longissimas
1017 591 1185 631 aetates
1226 583 1403 633 durent
1440 588 1542 634 sine
1582 603 1678 634 ma-

186 650 294 713 jore
317 656 491 697 noxa?
521 649 637 713 Ejus
661 665 775 696 vero
798 649 989 712 generis
1012 649 1316 707 mendorum,
1342 651 1472 713 quod
1496 668 1557 698 ex
1581 669 1679 699 cre-

194 717 277 763 bra
300 723 350 763 et
371 715 645 779 indiligenti
681 714 1002 776 descriptione
1043 714 1264 761 subnasci
1304 716 1442 774 solet,
1477 717 1680 764 remedi-

192 797 275 829 um
297 788 516 844 paratum
541 787 613 827 est
636 780 686 826 in
712 779 879 827 critica
902 787 1022 837 arte,
1046 779 1240 826 codices
1265 780 1558 828 diversarum
1583 799 1680 829 ma-

190 863 342 894 nuum
365 847 492 893 inter
521 862 570 893 se
612 852 936 908 comparante.
1007 844 1103 891 Sed
1138 846 1278 892 bonae
1318 845 1430 892 huic
1470 845 1679 894 fortunae

191 914 476 975 scriptorum
510 910 850 975 plerorumque
889 910 1105 958 omnium
1147 926 1271 958 anne
1299 911 1542 959 confidere
1565 912 1679 960 lice-

186 978 258 1025 bit
280 978 331 1024 in
358 977 659 1025 Homericis?

253 1042 446 1091 Licebit
469 1043 598 1090 haud
623 1043 786 1100 dubie,
821 1044 911 1090 nisi
935 1043 1038 1091 haec
1078 1043 1291 1107 proprias
1329 1043 1557 1106 quasdam
1597 1043 1678 1091 de-

188 1109 490 1173 pravationes
515 1108 764 1171 multoque
786 1108 948 1171 plures
984 1117 1033 1156 et
1056 1110 1299 1172 graviores
1322 1108 1676 1157 vicissitudines

185 1183 385 1237 experta.
408 1182 530 1220 sunt.
598 1173 783 1220 Verum
809 1174 845 1220 si
869 1173 947 1220 vel
972 1191 1031 1220 ex
1058 1192 1112 1221 ea
1136 1191 1205 1232 re,
1242 1174 1373 1237 quod
1398 1174 1676 1222 emendatio

181 1239 371 1286 illorum
397 1238 715 1285 maturissime
739 1239 870 1301 apud
895 1238 1094 1286 Graecos
1130 1247 1243 1286 nata
1269 1247 1341 1286 est
1380 1247 1430 1286 et
1467 1239 1676 1286 celebra-

182 1314 249 1361 ta,
283 1304 589 1368 intelligimu,
626 1304 752 1367 ipsos
767 1304 870 1367 jam
895 1305 1162 1367 antiquitus
1194 1305 1400 1352 caruisse
1442 1305 1553 1351 satis
1592 1321 1675 1368 ge-

183 1371 340 1417 nuinis
382 1369 751 1433 exemplaribus,
791 1369 940 1427 unde,
982 1371 1066 1433 qui
1100 1370 1300 1428 vellent,
1335 1386 1462 1417 nova
1502 1371 1676 1418 exscri-

180 1437 354 1484 berent
363 1456 376 1492 3
415 1436 453 1483 si
477 1437 643 1499 primae
668 1435 828 1484 statim
852 1436 1176 1493 recensiones,
1211 1436 1323 1483 artis
1353 1435 1533 1482 criticae
1556 1452 1674 1483 non-

181 1501 295 1548 dum
330 1501 474 1549 cultae
515 1501 880 1559 meditamenta,
917 1501 1035 1548 mire
1081 1501 1209 1548 inter
1248 1518 1298 1548 se
1341 1501 1674 1564 discreparunt

178 1566 393 1631 plurimis
417 1569 575 1624 rebus,
611 1567 958 1630 vulgatamque
981 1567 1031 1612 in
1057 1566 1319 1614 eruditiore
1344 1566 1537 1613 Graecia
1559 1582 1672 1613 con-

177 1632 516 1680 formationem
557 1640 721 1679 textus
758 1632 958 1679 demum
998 1640 1108 1695 post
1144 1631 1461 1679 Aristotelem
1487 1630 1672 1695 aliquot

175 1698 492 1746 Grammatici
515 1698 891 1745 introduxerunt
900 1717 913 1756 ;
940 1714 1028 1744 nos
1053 1700 1215 1744 autem
1240 1714 1302 1744 ne
1324 1696 1450 1743 illius
1475 1697 1671 1760 quidem

177 1771 358 1821 textus,
394 1780 537 1827 quem
585 1763 668 1811 diu
704 1763 912 1810 maxime
954 1763 1215 1826 antiquitas
1249 1762 1488 1826 probavit,
1536 1761 1672 1810 Aris-

175 1830 360 1877 tarchei
391 1829 667 1892 exemplum
702 1828 933 1876 habemus
968 1829 1232 1891 integrum,
1267 1828 1354 1875 sed
1376 1828 1607 1891 proximis
1643 1844 1672 1875 a

178 1895 289 1942 Chr.
315 1903 430 1942 nato
470 1895 692 1942 aetatibus
718 1894 879 1941 denuo
924 1894 1231 1958 recognitum
1259 1901 1309 1941 et
1332 1894 1394 1940 ad
1428 1893 1668 1941 variorum

178 1961 469 2008 Criticorum
507 1959 692 2023 judicia
736 1959 977 2016 refictum‚
1014 1968 1259 2022 postremo
1295 1958 1432 2005 novis
1467 1958 1667 2006 maculis

174 2043 259 2089 per
295 2026 572 2088 ingruentia
611 2026 811 2072 barbara
850 2024 1024 2073 saecula
1059 2025 1360 2089 adspersum:
1399 2039 1562 2070 nonne
1605 2040 1666 2070 ex

173 2091 248 2138 his
271 2093 414 2138 rebus
440 2090 770 2154 colligendum
795 2098 885 2148 est,
922 2090 1055 2154 quod
1082 2089 1185 2153 jam
1220 2089 1334 2136 olim
1360 2088 1666 2136 confidenter

175 2157 274 2203 dixi
289 2161 325 2214 ²,
360 2155 513 2204 multo
537 2156 678 2203 aliam
704 2156 920 2203 Lucretii
951 2156 1029 2204 vel
1053 2154 1247 2219 Virgilii
1287 2163 1432 2217 atque
1459 2153 1666 2202 Homeri

173 2239 274 2270 esse
298 2222 660 2285 integritatem?
695 2222 774 2269 De
799 2221 986 2269 diversa
1008 2229 1170 2269 autem
1189 2221 1451 2284 priscarum
1474 2219 1665 2267 illarum

173 2296 223 2335 et
248 2287 690 2334 Alexandrinarum
717 2287 986 2334 editionum
1025 2287 1306 2336 conditione
1347 2302 1478 2333 nunc
1519 2285 1571 2332 id
1610 2302 1661 2332 u-

170 2369 288 2400 num
313 2361 514 2417 tangere
540 2352 730 2410 sufficit,
769 2354 899 2416 quod
926 2353 1055 2416 apud
1095 2352 1466 2415 Hippocratem,
1503 2350 1662 2398 Plato-

170 2435 302 2476 nem,
339 2418 655 2466 Aristotelem
696 2426 746 2465 et
780 2418 896 2466 alios
930 2419 1068 2466 istius
1092 2417 1248 2465 aetatis
1272 2417 1526 2480 scriptores
1562 2432 1662 2464 non

168 2484 323 2531 solum
381 2483 679 2547 singulorum
737 2485 995 2532 verborum
1053 2484 1326 2539 varietates,
1384 2482 1469 2530 sed
1515 2482 1662 2529 etiam

167 2549 330 2614 plures
364 2549 576 2612 insignes
611 2566 777 2597 versus
801 2549 1024 2613 legimus,
1060 2565 1265 2613 quorum
1300 2563 1392 2595 nec
1425 2547 1478 2594 in
1517 2555 1659 2595 textu

167 2623 352 2673 nostro,
386 2615 553 2662 necin
579 2615 836 2663 Eustathio
870 2615 1234 2678 veterrimisque
1276 2620 1326 2661 et
1367 2612 1659 2661 doctissimis

168 2680 370 2729 Scholiis
403 2680 556 2728 ullum
590 2681 822 2729 indicium
864 2690 1083 2745 superest
1101 2682 1135 2727 b.
1205 2679 1374 2743 Atque
1418 2679 1655 2727 hactenus

207 2828 224 2844 ss
243 2821 295 2853 Ad
311 2821 446 2852 Hesiodi
461 2821 582 2862 Theog.
599 2832 629 2861 p.
645 2824 696 2853 57.

204 2863 222 2887 b
241 2865 254 2894 I
261 2875 280 2894 n
298 2864 377 2896 libro
393 2866 455 2907 mg}
472 2866 590 2907 ἄρθρων,
615 2865 668 2905 qui
693 2864 752 2895 nisi
774 2865 985 2904 Hippocratis,
1011 2865 1232 2904 Hippocrateae
1247 2867 1328 2893 certe
1344 2868 1399 2892 aut
1418 2862 1567 2902 proximae
1583 2866 1656 2891 aeta-

160 2907 200 2937 tis
224 2915 278 2943 est,
301 2908 465 2949 attingitur
490 2907 527 2938 Τ.
549 2908 574 2938 Ι.
602 2917 630 2947 p.
649 2912 719 2940 785.
743 2908 829 2939 Fons.
858 2908 981 2949 longior
1007 2910 1083 2949 ῥ-ἳσις
1112 2907 1246 2938 Homeri
1264 2906 1303 2937 de
1327 2907 1437 2942 bubus,
1467 2914 1532 2936 uno
1557 2904 1657 2944 posito
