1856 3235
221 232 314 271 212
671 269 675 274 .
719 224 1277 274 PROLEGOMENA.

224 355 456 401 Druidas.
525 354 603 401 De
640 354 712 401 his
753 355 949 418 quidem
984 355 1239 418 postremis
1276 355 1436 403 Caesar
1477 364 1527 402 et
1569 354 1704 402 Mela

226 419 442 466 referunt
460 425 492 475 ³,
517 420 757 482 propriam
795 437 960 467 eorum
999 420 1146 467 fuisse
1183 420 1499 483 disciplinam,
1526 420 1577 466 in
1611 436 1706 482 qua

225 484 448 531 nonnulli
472 485 533 531 ad
571 485 768 532 vicenos
805 501 956 532 annos
995 486 1359 547 permanserint,
1403 493 1455 532 ut
1488 501 1705 547 magnum

212 566 457 600 *numerum
482 566 693 597 versuum
730 550 999 606 ediscerent,
1024 551 1173 596 literis,
1207 566 1298 597 non
1331 553 1652 597 mandatorum
1669 552 1704 596 ''-

226 615 385 671 Quam
422 615 594 663 vellem
634 614 879 662 tantillum
917 615 1054 661 nobis
1095 614 1259 662 Graeci
1297 616 1607 663 tradidissent
1646 615 1707 662 de

225 681 413 728 vatibus
455 689 504 727 et
544 680 790 743 rhapsodis
829 679 943 727 suis!
997 680 1123 726 Nam
1164 687 1213 726 et
1252 680 1425 727 horum
1464 680 1707 743 propriam

214 747 465 808 quandam
491 745 793 808 disciplinam
819 753 868 792 et
892 745 1133 808 singulare
1166 744 1381 791 studium
1406 746 1519 792 artis
1541 745 1705 800 fuisse,

221 828 312 874 pro
338 819 587 874 comperto
627 810 904 857 habendum
929 810 1147 857 arbitror.
1219 810 1331 873 Age
1367 809 1532 873 igitur,
1568 811 1708 873 rhap-

225 877 402 925 sodicae
427 877 700 929 διδασκαλίας
723 876 936 932 modum,
964 875 1266 939 antiquitatis
1290 875 1504 923 tenebris
1538 875 1710 922 obscu-

220 951 393 998 ratum,
421 941 643 988 similium
687 958 848 989 rerum
893 941 1252 1005 comparatione
1289 957 1525 988 eruamus.
1596 940 1709 987 Fuit

223 1008 277 1064 is,
305 1008 342 1055 si
369 1007 484 1070 quid
509 1007 666 1062 video,
693 1006 838 1062 idem,
866 1007 949 1070 qui
987 1007 1071 1054 diu
1095 1006 1337 1053 adhibitus
1362 1015 1436 1054 est
1458 1006 1509 1052 in
1545 1022 1706 1061 scena,

225 1082 274 1121 et
309 1073 495 1135 tragica
529 1080 579 1119 et
621 1071 820 1128 comica,
860 1072 912 1118 in
951 1072 1092 1118 variis
1131 1072 1391 1135 generibus
1430 1071 1704 1126 chororum,

222 1138 433 1200 denique
457 1137 508 1183 in
533 1136 708 1184 scholis
733 1146 783 1184 et
805 1137 946 1193 ludis,
972 1137 1250 1200 priusquam
1280 1137 1521 1184 scribendi
1545 1136 1709 1200 legen-

224 1203 368 1265 dique
409 1201 615 1249 facultas
651 1201 800 1265 vulgo
834 1201 1132 1264 frequentari
1171 1210 1400 1264 coeperat.
1471 1202 1521 1248 Is
1545 1210 1709 1248 autem

220 1268 394 1315 modus
420 1266 570 1330 qualis
593 1267 755 1323 fuerit,
782 1267 885 1330 ipsa
908 1266 1143 1314 vocabula
1166 1273 1423 1314 testantur.
1494 1266 1575 1314 De
1598 1270 1711 1330 po'eZ-

219 1333 282 1381 tis
307 1333 435 1381 enim
459 1333 706 1395 proprium
731 1340 804 1379 est
829 1341 878 1379 et
897 1349 957 1380 ex
982 1349 1033 1380 re
1059 1332 1281 1387 ductum,
1320 1332 1516 1379 διδάσκειν
1554 1333 1712 1396 δράμα-

220 1419 291 1455 τα,
318 1398 494 1445 Latine
519 1401 682 1445 docere
693 1420 711 1455 ;
750 1397 811 1445 de
835 1398 1092 1454 actoribus,
1135 1399 1368 1460 μανθάνειν,
1394 1398 1569 1445 discere
1595 1413 1711 1459 par-

222 1472 287 1512 tes
298 1486 312 1510 .·
350 1464 463 1511 hinc
489 1464 744 1519 διδάσκαλοι,
769 1463 1106 1519 ὑποδιδάσκαλοι,
1132 1463 1482 1518 οἱντιδιδάσκαλοι,
1508 1463 1711 1527 διθυραμ-

221 1530 519 1594 βοδιδασκαλοι
545 1536 593 1576 et
618 1529 709 1576 alia
732 1528 1069 1592 hujuscemodi
1089 1533 1122 1575 ⁰.
1193 1528 1453 1584 Nimirum,
1480 1536 1537 1575 ut
1556 1528 1710 1576 chiro-

220 1596 448 1651 nomiam,
478 1602 532 1641 ut
555 1594 764 1657 reliquos
789 1602 949 1642 motus
976 1594 1204 1657 corporis,
1231 1601 1286 1640 ut
1311 1601 1462 1640 totam
1501 1593 1710 1640 saltatio-

221 1678 334 1708 nem
370 1668 556 1707 actores
582 1659 835 1707 discebant
858 1660 1090 1722 adspectu
1115 1659 1591 1723 praemonstrantium
1614 1675 1712 1706 ma-

220 1727 498 1790 gistrorum,
524 1725 593 1772 ita
617 1725 760 1773 etiam
785 1726 948 1782 verba,
971 1725 1271 1788 praecinente
1306 1724 1411 1787 ipso
1446 1728 1605 1788 poeta,
1633 1741 1712 1770 au-

222 1792 423 1847 ditione,
444 1807 558 1846 non,
581 1791 708 1838 sicut
722 1790 883 1846 hodie,
911 1807 937 1838 e
960 1790 1135 1837 libellis
1158 1789 1466 1853 arripiebant.
1540 1789 1711 1852 Itaque

220 1858 314 1905 hoc
355 1857 581 1904 instituto
621 1856 695 1903 usi
718 1856 947 1903 videntur
987 1855 1229 1919 rhapsodi,
1270 1862 1323 1901 ut
1346 1855 1468 1902 alter
1503 1854 1710 1902 alterum

223 1923 424 1970 doceret
449 1938 625 1978 coram,
668 1938 783 1968 mox
818 1921 1104 1968 exercitatio
1147 1929 1196 1968 et
1218 1919 1447 1983 frequens
1487 1920 1712 1968 recitatio

221 1997 375 2036 artem
398 1995 604 2051 pararet.
674 1987 851 2049 Neque
886 2002 1000 2034 sane
1026 1994 1113 2042 est,
1152 1986 1285 2049 quod
1308 1986 1435 2033 hanc
1471 1985 1711 2033 rationem

219 2053 579 2102 incommodam
619 2052 697 2100 vel
721 2052 966 2099 memoriae
1000 2051 1323 2099 molestiorem
1365 2059 1595 2115 putemus
1618 2051 1710 2098 hac

220 2129 406 2167 nostra:
447 2127 579 2166 certe
604 2118 655 2165 id
680 2117 883 2180 quisque
909 2117 1047 2164 nobis
1081 2117 1338 2172 concedet,
1377 2133 1482 2163 eam
1505 2132 1604 2163 non
1628 2132 1710 2179 po-

219 2186 369 2232 tuisse
394 2200 492 2231 non
517 2183 672 2230 multo
697 2183 1017 2230 efficaciorem
1042 2199 1143 2230 esse
1164 2182 1225 2229 ad
1244 2182 1475 2245 optimam
1496 2197 1709 2245 pronun-

222 2251 482 2298 ciationem
523 2258 669 2312 atque
703 2249 961 2296 verborum
1003 2248 1454 2310 sententiarumque
1480 2246 1707 2294 'omnium

219 2331 381 2363 veram
429 2316 526 2362 vim
565 2324 613 2363 et
660 2330 831 2361 sonum
878 2313 1248 2377 assequendum.
1338 2312 1455 2361 Huc
1502 2311 1707 2368 accedit,

221 2381 353 2445 quod
393 2380 626 2428 acerrima
667 2379 826 2427 studia
850 2379 1126 2427 auditorum
1169 2395 1281 2427 cum
1317 2394 1505 2430 summo
1547 2394 1709 2426 amore

261 2531 281 2552 a
304 2520 363 2551 Ille
378 2521 414 2551 B.
433 2522 472 2552 G.
486 2522 546 2552 VI.
566 2526 612 2552 14.
628 2522 678 2552 hic
695 2522 764 2552 111.
781 2526 809 2551 Ω.

260 2565 280 2594 b
304 2563 414 2594 Simile
429 2565 575 2605 quiddam
593 2572 623 2595 et
639 2565 715 2595 alias
731 2575 811 2604 saepe
827 2570 857 2594 et
873 2565 1052 2604 nuperrime
1071 2565 1110 2596 de
1132 2565 1259 2595 natione
1285 2563 1411 2595 ossiani
1435 2568 1596 2593 narratum
1618 2567 1665 2592 est
1691 2571 1710 2591 a

219 2608 258 2639 G.
275 2606 460 2637 Thorntono
475 2608 509 2638 in
524 2608 552 2638 T
554 2614 695 2638 ransactt.
711 2608 747 2638 of
758 2609 810 2637 the
830 2608 964 2638 Americ.
976 2607 1086 2647 philos.
1104 2608 1226 2647 Society
1237 2615 1268 2637 at
1287 2605 1515 2645 philadelphia,
1540 2604 1614 2635 Vol.
1638 2604 1710 2634 111.

216 2662 245 2690 p.
263 2654 334 2680 514.
350 2660 412 2690 sqq.
460 2651 497 2680 In
514 2651 568 2680 illa
584 2652 710 2681 natione
736 2651 830 2680 etiam
847 2661 932 2680 nunc
948 2661 1036 2681 senes
1061 2661 1134 2686 esse,
1151 2651 1206 2690 qui
1223 2656 1340 2680 tantam
1358 2649 1483 2688 copiam
1510 2647 1713 2687 antiquorum

219 2693 404 2724 Carminum
421 2694 570 2724 memoria
585 2694 784 2728 custodirent,
801 2701 837 2724 ut
853 2693 1080 2724 velocissimum
1096 2693 1227 2724 scribam
1240 2703 1294 2732 per
1308 2692 1413 2732 plures
1428 2701 1551 2722 meuses
1563 2689 1710 2721 dictando

216 2735 378 2777 fatigaturi
391 2743 500 2766 essent.

259 2790 275 2809 c
301 2779 375 2810 Post
389 2789 433 2814 ea,
449 2789 519 2819 quae
543 2790 579 2809 ex
599 2779 750 2818 Harpocr.
766 2785 796 2809 et
814 2779 952 2818 Hesych.
971 2789 998 2809 v.
1026 2778 1198 2813 διδάσκαλος
1214 2788 1233 2808 a
1249 2777 1412 2808 nonnullis
1428 2777 1501 2807 viris
1523 2775 1624 2806 doctis
1638 2776 1709 2806 bre-

216 2822 303 2854 viter.
321 2828 351 2853 et
365 2833 392 2853 a.
408 2822 539 2853 Casaub.
555 2823 588 2852 in
614 2823 730 2852 Athen.
746 2822 809 2852 VI.
837 2824 865 2852 7.
880 2821 1119 2853 didascaliarum
1145 2831 1238 2852 causa
1254 2827 1359 2851 notata
1382 2825 1467 2856 sunt,
1494 2829 1602 2857 nemo,
1626 2817 1712 2858 quod

214 2866 320 2902 sciam,
338 2867 369 2896 in
382 2867 461 2896 hanc
476 2876 542 2896 rem
557 2873 698 2896 accurate
714 2864 883 2905 inquisivit,
900 2871 1115 2906 exspectatque
1129 2875 1166 2896 ea
1174 2864 1277 2896 adhuc
1291 2864 1394 2895 lucem
1411 2873 1501 2894 suam
1513 2872 1588 2894 cum
1601 2860 1711 2892 multis

213 2908 288 2945 aliis,
305 2919 374 2949 quae
389 2909 429 2940 ad
443 2908 533 2940 ludos
547 2908 684 2940 scenicos
702 2908 884 2938 Graecorum
898 2908 1062 2947 pertinent.
1204 2914 1206 2916 ’
