1856 3235
598 198 910 246 ‘OMHPOT
954 198 1124 245 ΒΙΟΣ.
1534 205 1629 246 335

139 343 289 406 νόμενον
312 333 518 413 ἀναφέρων.
549 330 798 392 ἐπειδῆπεξ
777 349 799 383 η
823 326 977 381 πλῆθῦς
998 325 1066 380 τὴν
1089 327 1160 389 μὲν
1183 327 1441 392 ’π’ξθςηγοριάν
1465 327 1538 378 ἐςιν
1563 328 1633 376 ἑνι-

138 408 221 463 κᾶν,
262 401 416 454 πολλ8ς
438 397 506 446 δ”
495 416 530 444 εν
553 397 668 458 αὐτῷ
691 395 947 458 περιείληφεν.
1013 390 1097 438 Ἐκ
1133 396 1184 438 τέ
1225 394 1378 440 ἔναντι-ιε
1418 395 1457 441 δέ
1497 396 1551 447 ὲςι
1585 394 1634 442 τὸ

143 474 287 536 ὅμοιον,
321 463 476 515 ἐπειδοὶν
498 445 746 533 προτεθέντος
768 465 820 507 w}
843 462 1090 513 πληθυντικέ
1113 456 1160 504 τό
1197 456 1316 504 ἑνικὸν
1353 460 1552 523 ἓπενεχθη,
1587 462 1637 515 ὦς

145 540 180 586 ἑν
202 537 321 598 τετῳ·
377 529 441 577 Οἳ
459 528 642 608 οἵλκιμιον
660 533 754 590 η’τορ
777 526 944 586 ἔχοντες,
971 523 1140 587 Πρόσσω
1164 525 1249 576 πᾶς
1272 523 1453 571 πέτεται.
1478 525 1524 572 τὸ
1550 526 1635 591 γοέρ

145 605 241 657 πᾶς,
275 601 331 661 τῷ
351 595 464 657 λόγῳ
487 593 606 641 ἑνικόν
630 594 697 648 ἒςι,
733 593 938 639 τέτακται
963 589 1038 637 δὲ’
1027 590 1094 637 επὶ
1123 590 1288 671 πλῆθ8ς,
1325 593 1403 636 ι’σον
1429 591 1638 654 δυνάμενον

145 672 203 730 τῷ
224 666 381 715 πάντες.
414 664 486 714 τῆς
510 658 550 706 δὲ
574 660 701 713 αὐτῆς
723 663 776 705 τὲ
798 659 1027 727 σχήματος
1039 656 1182 708 ἰδέας’
1171 674 1224 704 εςι
1255 655 1430 702 κακεῖνο·
1502 659 1566 703 Οἱ
1599 657 1638 704 δὲ

147 733 284 781 Πύλον
315 727 515 781 Νηλῆος’
504 725 732 788 εύκτιμιενον
766 723 1020 786 πτολίεθρον’
1007 720 1127 777 Ιξον,
1162 720 1225 768 τοὶ
1262 721 1294 767 δ’
1337 720 1404 768 ἐπι
1439 721 1523 769 θινὶ
1559 725 1643 770 Sca-

146 799 298 850 λάσσης
320 792 402 857 ἱεροὶ
438 790 551 856 ῥέζον.
620 792 807 837 Νοένται
831 788 915 853 γοὶρ
938 789 978 834 οἱ
997 788 1159 834 Πύλιοι.

212 860 328 943 Περὶ
335 859 375 906 δὲ
401 857 483 911 τοὶς
521 858 694 909 πτώσεις
729 874 885 916 γινεται
926 854 1141 907 ἀλλοιωσις
1177 854 1273 918 παρ’
1318 854 1446 916 αὐτῷ,
1481 854 1646 907 εὐθείας

146 927 217 1001 μὲν
252 946 325 973 και
364 927 559 978 κλητικῆς
599 920 955 983 ἐναλλασσομένης,
1002 921 1037 966 ἐν
1072 925 1155 972 τοῖς
1184 937 1368 972 τοι8τοις·
1438 920 1648 984 Αὐταρὸ

148 1000 249 1042 αὐτε
269 991 390 1040 Θῦες’
418 988 709 1052 Ἀγαμέμνονι
732 993 844 1035 λεῖπε
868 990 1041 1050 φορῆναι.
1102 985 1203 1041 Και,
1223 985 1506 1050 νεφεληγερὲτα
1533 986 1646 1039 Ζεύς.

147 1079 234 1115 και,
262 1056 352 1110 Δός
375 1056 510 1135 φίλος,
546 1057 570 1102 ἐ
594 1056 676 1117 γάρ
698 1072 769 1117 μοι
806 1052 952 1105 δοκέεις
992 1051 1013 1097 o‘
1049 1052 1219 1131 κακιςος
1250 1052 1455 1112 Ἀχαιῶν.
1492 1056 1648 1112 γενικῆς

150 1125 191 1173 δὲ
213 1144 287 1171 και
311 1122 504 1176 δοτικῆς’
493 1140 527 1168 εν
551 1140 633 1173 τοις
654 1138 840 1174 τοι8τοις,
876 1117 1009 1182 Τρωσι
1048 1117 1119 1180 μὲν
1156 1119 1407 1181 προμάχιζεν
1446 1119 1541 1164 Ἀλ
1544 1119 1651 1174 ἐξαν-

153 1191 239 1255 δρος
272 1189 458 1242 3606137‘16.
492 1186 584 1233 ἀντι
618 1205 670 1233 τ8
694 1187 847 1250 Τρώων.
881 1203 955 1230 και
993 1185 1038 1231 ἐκ
1076 1202 1128 1230 τ8
1165 1184 1332 1239 ἐναντι8,
1366 1185 1430 1231 ‘H
1468 1184 1500 1230 δ’
1543 1186 1652 1232 αὐτ8

151 1257 343 1305 τετοίνυςο
366 1272 451 1318 περι
476 1258 609 1306 σπεῖος
637 1256 873 1315 γλαφυροιο,
909 1249 1000 1297 ἀντι
1021 1270 1073 1297 τ8
1090 1268 1175 1314 περι
1199 1250 1303 1297 σπὲἲ.
1337 1269 1411 1296 και
1447 1269 1575 1297 τ8των
1612 1251 1654 1298 δέ

154 1323 226 1372 ἒςιν
250 1323 272 1376 ἡ
297 1321 414 1367 αι’τιά
453 1319 573 1375 αὕτη,
608 1317 670 1365 ὅτι
693 1317 926 1378 συγγένειάν
955 1336 1046 1363 τινα
1071 1316 1206 1363 ἐδόκ8ν
1246 1316 1347 1376 ἔχειν
1387 1315 1485 1380 πρὸς
1523 1317 1653 1372 ἀλλῇ-

152 1397 234 1441 λας
255 1388 280 1442 ἥ
303 1405 346 1434 τε
371 1387 523 1440 εὐθεῖα,
557 1404 631 1431 και
667 1382 892 1438 alvarum),
927 1403 1001 1429 και
1035 1383 1221 1436 κλητικῇ·
1256 1381 1316 1429 διο
1338 1402 1412 1428 και
1438 1383 1472 1428 ἐν
1505 1401 1588 1436 τοις
1612 1385 1654 1430 ἐ-

155 1454 321 1517 δετὲροις
342 1451 433 1499 εἰσιν
457 1452 507 1497 αἱ
525 1449 667 1505 αὗται,
700 1470 774 1496 και
799 1451 833 1496 ἐν
864 1454 1030 1501 πολλοῖς
1065 1453 1140 1495 τῶν
1177 1447 1378 1513 ἀρῥενικῶν
1416 1468 1488 1495 και
1525 1451 1656 1503 θηλυ-

157 1525 248 1575 κῶν,
282 1519 352 1573 ἥτε
375 1519 529 1573 efflata,
564 1536 638 1563 και
661 1517 684 1570 ἦ
713 1514 939 1570 αἰτιατικῆ,
974 1535 1048 1561 και
1084 1514 1258 1569 κλητινῆ
1295 1516 1318 1569 ἡ
1355 1515 1462 1569 αὐτῆ
1499 1516 1584 1564 ἐςιν.
1620 1515 1660 1562 ὁ-

157 1604 282 1648 μοιως
305 1583 344 1631 δὲ
367 1603 441 1630 και
465 1585 487 1637 ἦ
511 1581 645 1643 ’γενικὴ
668 1600 765 1646 προς
786 1581 854 1636 τὴν
879 1580 1076 1635 δοτικῆν’
1058 1600 1140 1642 εχει
1170 1579 1262 1627 τινοὶ
1284 1581 1532 1641 συγγένειαν.
1556 1586 1660 1629 ταῦ-

159 1670 218 1698 τα
242 1649 318 1698 δὲ’
306 1669 341 1697 εν
363 1655 446 1702 τοῖς
468 1649 616 1701 δυίκοις
637 1648 850 1730 ἀριθμοις’
839 1666 904 1695 επι
937 1648 1098 1694 πάντων
1137 1651 1212 1693 τῶν
1249 1646 1452 1709 ὀνομάτων
1489 1647 1660 1712 εὕρισκε-

160 1736 245 1764 ται.
279 1715 358 1763 ὅθεν
395 1714 555 1767 εἰκότως
591 1711 707 1778 παροὶ
743 1713 811 1768 τῆν
846 1714 1045 1767 συνῆθειαν
1084 1732 1163 1766 τας
1199 1731 1371 1765 πτωσεις
1408 1714 1659 1761 ὲναλλοίσσει.

162 1783 279 1830 ὲνιοτε
303 1780 342 1829 δὲ
365 1801 438 1828 και
461 1780 590 1840 λόγ8ς
613 1780 685 1830 ἓςιν
709 1779 821 1844 εὑρειν
860 1783 931 1834 τῆς
971 1781 1218 1840 ἐξαλλαγῆς,
1254 1781 1305 1832 ὦς
1344 1780 1379 1826 ἐν
1416 1783 1486 1842 τῷ,
1523 1781 1663 1830 ἐπιςα-

163 1867 270 1911 μενοι
294 1848 453 1895 πεδιοιο.
488 1866 561 1893 και
585 1866 647 1902 το,
683 1846 908 1910 διέπρησσον
932 1846 1094 1901 πεδίοιο,
1128 1850 1207 1892 ἰσον
1230 1865 1287 1908 τῳ
1329 1846 1467 1909 ἐπέρων
1505 1845 1573 1893 δια
1613 1866 1665 1892 τ8

165 1914 293 1962 πεδί8.
327 1913 372 1961 εὖ
395 1912 475 1960 δὲ’
465 1913 547 1973 ε’χει
584 1913 679 1976 παρ’
709 1913 822 1959 αὐτω
846 1914 868 1966 ἦ
891 1917 965 1959 τῶν
1005 1913 1189 1959 πτώσεων
1225 1895 1446 1975 μεταβολη
1484 1913 1518 1959 ἐν
1555 1913 1667 1977 ἀρχῇ

166 2067 303 2108 positum
319 2066 465 2102 subdidit,
489 2066 567 2098 dum
582 2066 726 2097 videlicet
740 2076 866 2096 sensum
893 2065 994 2107 magis
1017 2076 1111 2106 quam
1127 2076 1233 2096 vocem
1251 2066 1384 2105 respicit.
1431 2066 1591 2107 Siquidem
1608 2077 1668 2099 vox

166 2109 345 2146 multitudo,
361 2109 568 2149 appellatione
582 2109 709 2150 quidem
725 2109 892 2150 singularis
907 2110 1031 2140 numeri
1045 2116 1099 2144 est,
1123 2109 1240 2139 multos
1255 2116 1362 2139 autem
1388 2109 1421 2139 in
1448 2120 1481 2140 se
1506 2110 1664 2149 complec-

169 2154 254 2185 titur.
301 2152 410 2184 Simile
423 2158 531 2184 autem
544 2164 562 2183 a
579 2152 734 2183 contrario
749 2158 804 2188 est,
829 2152 958 2193 quando
984 2152 1144 2191 supposito
1168 2152 1290 2191 plurali,
1307 2153 1468 2194 singulare
1490 2154 1668 2192 appositum

169 2196 316 2234 infertur,
331 2202 366 2226 ut
380 2196 413 2226 in
428 2197 501 2227 hoc:
528 2198 572 2227 Ει
587 2198 728 2227 hahentes
741 2202 864 2235 pectora
880 2207 993 2236 magna
1025 2198 1157 2235 Quisque
1180 2197 1258 2226 volat
1280 2208 1432 2236 prorsum.
1479 2197 1623 2238 Quisque
1639 2208 1670 2227 e·

171 2240 240 2271 nim
256 2249 330 2270 voce
344 2239 471 2279 quidem
486 2239 652 2280 singularis
667 2239 790 2270 numeri
805 2245 859 2274 est,
875 2239 952 2269 dum
968 2245 1072 2270 autem
1088 2239 1129 2269 ad
1153 2239 1391 2270 multitudinem
1417 2240 1560 2275 refertur,
1583 2240 1669 2271 idem

171 2283 267 2323 pollet
283 2282 367 2324 quod
383 2282 511 2313 Omnes.
555 2283 700 2313 Eandem
716 2282 883 2313 schematis
896 2283 1032 2313 formam
1047 2288 1079 2313 et
1092 2282 1172 2313 illud
1188 2283 1295 2313 habet:
1317 2285 1366 2313 Hi
1383 2285 1484 2324 Pylon
1499 2285 1668 2323 attingunt.

173 2328 286 2358 IVelez‘a
302 2327 416 2357 moenia
428 2328 524 2363 clara,
548 2327 597 2357 Hi
610 2328 705 2357 maris
719 2328 760 2357 ad
775 2327 862 2358 littus
877 2337 940 2357 rem
955 2327 1279 2367 divinam'face'ebanl.
1323 2326 1409 2367 Pylii
1423 2336 1560 2367 namque
1575 2327 1669 2364 intel·

173 2369 196 2400 li
221 2375 327 2400 untur.

197 2380 270 2444 gFit
293 2411 378 2452 apud
403 2422 476 2443 eum
502 2418 535 2443 et
559 2422 688 2443 casuum
716 2412 856 2448 mutatio,
881 2418 917 2443 ut
941 2423 1040 2453 quum
1063 2412 1276 2443 nominativus
1291 2419 1322 2444 et
1336 2413 1493 2443 vocativus
1509 2413 1541 2443 in
1557 2413 1673 2444 talibus

174 2461 432 2487 commutantur:
457 2457 499 2486 At
520 2457 651 2496 Thyesta
668 2457 892 2495 Agamemnoni
905 2458 1086 2495 gestandum
1102 2459 1259 2497 relinquit.
1306 2457 1357 2491 Et,
1383 2458 1524 2487 IVubae'um
1545 2468 1670 2496 congre-

171 2505 262 2538 gator
276 2501 407 2539 Jupiter.
451 2499 502 2533 Et,
527 2500 581 2529 Da
606 2501 683 2529 mihi
706 2501 825 2535 charus,
848 2505 875 2530 ει
899 2500 984 2529 haud
1009 2502 1190 2531 deterrimus
1211 2503 1292 2530 inter
1318 2502 1457 2531 Achivos.
1505 2500 1672 2530 Genitivus

175 2547 282 2573 autem
297 2548 328 2573 et
342 2541 464 2573 dativus
478 2541 511 2571 in
528 2541 709 2582 hujusmodi
724 2548 873 2578 mutatur,
900 2544 1009 2573 Prima
1035 2545 1101 2574 acie
1122 2549 1217 2574 certat
1240 2545 1416 2583 Phrygibus
1434 2545 1527 2574 Paris
1541 2545 1673 2582 optimus

175 2586 236 2616 ille.
280 2585 344 2616 Pro
357 2595 397 2616 eo
411 2584 564 2626 quod'esu
581 2585 755 2626 Phrygum.
801 2586 843 2616 Et
865 2595 883 2616 e
898 2591 1014 2621 contra,
1037 2587 1119 2617 Hoec
1132 2594 1251 2618 extenta
1263 2587 1352 2626 jacet
1365 2587 1460 2625 juxta
1484 2589 1594 2626 speloeo
1621 2598 1672 2617 ca-

177 2633 258 2664 noto,
275 2638 338 2667 pro,
353 2628 436 2659 circa
449 2628 641 2668 speluncam.
689 2629 794 2669 Atque
819 2629 1003 2659 mutationis
1026 2629 1116 2660 istius
1139 2640 1233 2661 causa
1257 2636 1312 2666 est,
1339 2630 1424 2670 quod
1450 2629 1673 2665 nominativus.

177 2671 381 2710 accusativus,
402 2677 434 2703 et
447 2671 604 2702 vocativus
618 2671 777 2712 quandam
793 2672 874 2702 inter
887 2682 921 2702 se
935 2672 1156 2713 cognationem
1178 2675 1291 2704 habere
1315 2673 1487 2707 videantur,
1513 2679 1675 2711 propterea

178 2713 263 2753 quod
285 2715 414 2745 nomina
435 2715 577 2745 neutrius
592 2715 724 2755 generis,
751 2721 782 2746 et
797 2715 944 2756 pleraque
958 2715 1140 2752 masculina,
1156 2727 1192 2748 ac
1207 2717 1380 2751 foemiuina,
1406 2723 1466 2746 tres
1486 2716 1562 2745 istos
1585 2716 1674 2746 simi-

177 2756 224 2787 les
237 2767 326 2787 casus
339 2758 481 2789 habeant.
526 2758 678 2788 Similiter
691 2765 797 2789 autem
812 2764 843 2789 et
857 2759 1015 2799 genitivus
1028 2769 1100 2789 cum
1117 2760 1223 2791 dativo
1244 2760 1402 2801 quandam
1420 2759 1605 2789 affinitatem
1621 2759 1677 2789 ha-

178 2799 238 2836 bet,
261 2799 378 2841 idque
370 2810 402 2830 in
424 2800 510 2832 duali
525 2802 671 2832 omnium
687 2811 800 2832 vocum
835 2811 968 2832 numero
982 2802 1236 2842 deprehenditur.
1280 2805 1354 2839 Quo
1371 2803 1413 2838 fit,
1439 2809 1474 2832 ut
1497 2808 1528 2832 et
1554 2802 1676 2832 Home—

178 2851 233 2873 rus
253 2853 343 2873 casus
356 2844 440 2875 haud
455 2844 614 2875 immerito
629 2850 739 2884 praeter
753 2845 1013 2876 consuetudinem
1030 2852 1139 2877 mutet.
1187 2847 1427 2887 Nonnunquam
1445 2851 1549 2876 autem
1575 2851 1606 2875 et
1633 2856 1680 2876 ra·

179 2885 279 2916 tiones
293 2893 339 2917 est
354 2887 493 2918 invenire
507 2888 596 2918 istius
611 2888 801 2924 mutationis,
814 2894 851 2919 ut
865 2889 899 2919 in
914 2889 988 2919 hoc:
1016 2892 1147 2922 Scienees
1158 2893 1269 2930 campi.
1291 2896 1329 2926 et,
1348 2890 1582 2920 Pertransibane
1597 2900 1682 2920 cam-

175 2939 262 2970 pum
276 2929 405 2971 perinde
418 2940 555 2975 namque
569 2937 625 2969 est,
641 2941 677 2963 ac
691 2931 718 2963 si
730 2931 862 2973 diceres,
878 2932 1051 2965 transibant
1075 2944 1131 2975 per
1153 2943 1311 2974 campum.
1357 2932 1446 2964 Belle
1460 2939 1567 2963 autem
1583 2938 1613 2963 et
1629 2942 1681 2963 ca-
