1856 3235
230 245 323 283 223
682 235 1071 284 PROLEGOM
1080 236 1237 284 ENA.

231 364 542 427 scriptionem
580 371 630 412 et
665 366 907 413 silentium
932 374 1248 430 opponerent.
1317 365 1485 413 Paullo
1523 374 1634 429 post
1655 367 1707 414 in

232 445 329 477 uno
351 429 568 477 locorum
602 429 812 488 illorum,
835 431 886 477 in
912 449 1007 494 quo
1032 441 1247 479 suturam
1272 431 1551 479 adventitiae
1593 432 1708 479 artis

231 495 382 542 latere
407 495 673 558 suspicatus
698 512 845 552 eram,
871 513 930 542 ex
954 497 1196 558 insperato
1230 497 1588 560 qualiscunque
1601 514 1711 545 auc-

233 561 401 609 toritas
423 561 603 608 veteris'
631 560 947 607 Grammatici
983 560 1277 623 conjecturae
1299 578 1420 609 meae
1455 563 1710 610 succurrit.

234 628 323 674 Est
356 626 396 673 is
439 625 575 673 locus
622 625 681 673 Il.
726 625 779 671 0·'.
807 631 1112 682 356.—368.‚
1148 634 1204 672 ut
1248 625 1489 675 lenissime
1536 628 1713 684 dicam,

234 691 410 756 frigide
435 699 485 738 et
514 690 678 754 inepte
694 689 865 752 jacens
899 689 1027 737 inter
1051 707 1125 737 res
1167 690 1489 753 Trojanorum
1513 692 1713 740 Graeco-

235 773 437 820 rumque
463 764 512 803 et
534 756 661 802 inter
685 755 908 802 Thetidis
927 755 1192 802 adventum
1215 756 1265 802 in
1291 755 1566 819 Olympum.
1634 758 1714 805 De

235 823 338 871 istis
361 822 576 869 versibus
591 821 643 867 in
662 821 1042 868 accuratioribus
1059 820 1261 868 Scholiis
1279 820 1426 885 longa
1449 821 1712 885 disputatio

237 895 468 950 excerpta
509 894 582 934 est
627 885 867 933 Zenodoti
925 885 1192 949 cujusdam,
1237 886 1369 934 unde
1414 886 1715 949 praecipuum

237 953 368 1017 quod
390 951 574 1009 tollam,
598 951 693 998 hoc
729 959 819 1008 est,
844 967 925 998 eos
948 968 1113 998 versus
1147 967 1246 998 non
1272 967 1331 999 ex
1356 951 1545 1015 vulgari
1569 952 1717 1000 inter-

236 1019 500 1083 polatione,
524 1033 615 1064 nec
642 1034 670 1063 a
693 1016 1028 1064 Grammatico
1052 1016 1231 1080 aliquo,
1266 1017 1350 1064 sed
1374 1034 1402 1064 a
1424 1017 1591 1080 primis
1633 1017 1720 1064 δια-

239 1088 483 1134 σκευασταῖς
523 1081 706 1129 duabus
731 1081 997 1144 rhapsodiis
1022 1082 1276 1129 nectendis
1317 1082 1534 1145 adjectos
1559 1099 1662 1130 esse
1685 1097 1718 1130 ².

241 1151 407 1212 Atque
455 1146 670 1210 ejusdem
707 1146 840 1193 modi
881 1146 1170 1194 emblemata
1204 1147 1254 1193 in
1297 1146 1519 1211 Odyssea
1553 1148 1720 1195 videre

239 1214 357 1262 mihi
379 1212 548 1260 videor
571 1211 726 1275 plura,
751 1219 801 1259 et
815 1227 966 1258 unum
992 1211 1114 1258 adeo
1132 1211 1464 1269 manifestum,
1487 1220 1545 1260 ut
1567 1229 1628 1259 ex
1645 1213 1717 1268 iis,

239 1295 443 1343 quorum
458 1277 648 1341 judicio
666 1277 760 1324 hoc
785 1277 1030 1340 specimen
1050 1276 1370 1340 spectandum
1395 1276 1614 1341 subjicio,
1641 1277 1721 1325 ad-

238 1344 472 1393 versarios
491 1342 607 1389 mihi
631 1359 899 1406 perpaucos
923 1341 1027 1389 fore
1051 1359 1250 1405 sperem.

305 1410 478 1474 Odyss.
514 1408 560 1454 δ’.
587 1414 696 1455 620.
722 1408 805 1455 ubi
831 1407 988 1463 citius,
1015 1425 1158 1471 quam
1183 1407 1300 1455 velis
1325 1415 1375 1455 et
1399 1416 1670 1472 exspecteS,
1694 1425 1723 1456 a

241 1475 374 1524 dulci
400 1473 641 1537 colloquio
678 1473 893 1521 Menelai
917 1473 1254 1531 abstrahimur,
1279 1473 1482 1521 redituri
1507 1474 1568 1521 ad
1601 1474 1724 1522 illud

239 1542 363 1590 libro
387 1540 513 1596 XV„
553 1539 634 1602 qui
676 1538 958 1586 Telemachi
982 1539 1192 1586 reditum
1231 1539 1478 1597 describit,
1516 1547 1722 1603 quatuor

241 1613 509 1670 sequuntur
547 1621 714 1651 versus
764 1604 866 1667 ipsa
903 1604 1132 1651 orationis
1169 1603 1429 1651 insolentia
1468 1611 1518 1651 et
1572 1604 1720 1652 ambi-

240 1673 428 1736 guitate
454 1670 710 1727 durissimi,
744 1668 961 1732 nihilque
989 1668 1241 1716 Homerici
1283 1668 1454 1716 coloris
1478 1669 1724 1717 habentes.

243 1737 395 1800 Cujus
422 1735 577 1799 culpae
616 1734 813 1798 quidem
853 1734 903 1780 in
933 1735 1065 1781 omni
1107 1734 1292 1797 reliqua
1330 1742 1467 1797 parte
1495 1734 1580 1781 IV.
1615 1735 1724 1782 libri

243 1800 607 1866 aliquammulta
628 1800 835 1864 vestigia
870 1800 1052 1857 notavi,
1089 1800 1262 1863 quibus
1295 1816 1393 1847 non
1429 1800 1633 1847 absurde
1661 1800 1727 1848 le-

240 1869 374 1916 viore
397 1868 491 1914 hoc
515 1865 735 1930 periculo.
755 1864 1064 1928 praeludatur.
1131 1865 1258 1912 Nam
1282 1865 1344 1912 de
1366 1864 1493 1912 illius
1516 1865 1610 1913 loci
1635 1882 1729 1912 am-

242 1933 501 1997 biguitate,
526 1931 669 1995 culpa
691 1930 888 1978 minime
918 1930 1196 1988 Homerica,
1220 1931 1485 1994 praesertim
1511 1931 1561 1977 in
1585 1931 1728 1978 rebus

243 1998 519 2055 tritissimis,
559 2013 702 2044 nemo
728 1996 902 2044 doctus
938 1996 1195 2054 dubitabit,
1231 2006 1281 2043 et
1309 1996 1411 2060 jam
1447 1995 1561 2043 olim
1583 1995 1635 2042 in
1670 2012 1726 2043 ea

243 2064 484 2112 laborasse
525 2071 575 2110 et
614 2062 889 2109 dissensisse
930 2062 1140 2125 putarim
1177 2062 1484 2125 interpretes,
1520 2077 1727 2125 quorum

247 2130 396 2192 copiis
437 2129 487 2175 in
526 2128 747 2192 Odyssea
783 2143 914 2174 nunc
953 2127 1210 2190 saepissime
1252 2143 1484 2175 caremus.
1558 2127 1729 2174 Eusta-

244 2195 375 2242 thius
416 2194 631 2256 quidem,
678 2193 820 2239 nimis
859 2193 1122 2240 contractis
1162 2193 1213 2239 in
1251 2209 1308 2240 ea
1345 2192 1549 2240 Scholiis
1592 2209 1725 2250 usus,

247 2260 495 2322 δαιτυμόνας
517 2276 635 2316 non,
661 2266 716 2305 ut
742 2258 946 2306 Homeri
972 2266 1020 2306 et
1055 2258 1271 2305 omnium
1296 2258 1588 2321 scriptorum
1612 2274 1726 2305 con-

246 2325 455 2372 suetudo
477 2325 651 2388 poscit,
675 2324 903 2380 convivas,
930 2323 1015 2371 sed
1029 2324 1362 2381 convivatores,
1386 2323 1481 2376 τούς
1502 2322 1570 2377 τὴν
1594 2323 1719 2370 δαῖτα

247 2391 536 2454 ἑτοιμάζοντας
554 2400 591 2446 b,
616 2389 994 2452 interpretatur;
1032 2389 1203 2452 (idque
1251 2389 1354 2437 fieri
1389 2404 1587 2436 necesse
1628 2395 1719 2446 est,

248 2457 305 2513 si,
330 2455 461 2519 quod
484 2464 653 2502 auctor
678 2454 847 2518 procul
873 2455 1021 2502 dubio
1046 2455 1219 2512 voluit,
1242 2454 1517 2519 proximum
1554 2455 1595 2500 οἱ
1621 2470 1727 2517 per·

247 2521 373 2569 tinet
396 2521 458 2568 ad
482 2520 779 2582 Bazrvgh6v0253>
804 2528 909 2567 tum
934 2520 1131 2580 ἀλόχους,
1158 2536 1253 2568 non
1278 2520 1436 2567 minus
1459 2519 1614 2566 invito
1638 2535 1729 2567 usu

290 2662 309 2682 a
332 2652 566 2690 Διεσκευασμὲνον
582 2653 677 2682 τοῦτον
704 2653 750 2682 τὸν
765 2652 859 2682 viam.
905 2651 1039 2682 De-hoc
1063 2652 1156 2681 verbo
1180 2651 1378 2690 διασκευάζειν,
1401 2649 1484 2690 quod
1510 2649 1592 2680 male
1617 2648 1735 2689 accepit

249 2696 331 2725 Mer.
349 2695 478 2725 Casaub.
495 2694 534 2724 de
554 2694 648 2723 Hom.
665 2694 735 2724 edit.
753 2694 854 2723 Hack.
872 2705 898 2732 p.
919 2697 986 2724 167.
1010 2695 1127 2724 collect.
1146 2693 1310 2728 AlmelOV.,
1334 2692 1439 2732 paullo
1454 2703 1527 2723 mox
1550 2692 1733 2723 videbimus.

250 2737 405 2772 Scholion,
424 2737 509 2767 unde
524 2736 601 2766 illud
629 2736 804 2770 didicimus,
825 2737 989 2775 Porphyrii
1015 2745 1067 2772 est,
1085 2737 1221 2776 primum
1247 2737 1336 2766 nobis
1351 2746 1368 2766 e
1386 2735 1461 2765 Cod.
1479 2735 1567 2766 Leid.
1589 2735 1730 2766 oblatum

247 2791 266 2811 a
283 2780 490 2811 Valckenario
506 2780 537 2809 in
556 2780 638 2809 Diss.
657 2790 726 2809 cum
746 2779 861 2809 Ursino
876 2779 959 2809 edita
974 2790 1002 2818 p.
1023 2784 1100 2813 157„
1119 2782 1209 2821 (nam
1226 2779 1353 2809 Barnes.
1366 2779 1522 2817 Excerpta
1538 2778 1636 2809 MSS.
1653 2777 1733 2807 nihil

246 2822 526 2862 ceniattulerane)
539 2822 666 2852 nuncin
683 2821 792 2852 ordine
810 2821 972 2862 vulgatum
987 2833 1026 2853 ex
1043 2824 1124 2854 Ven.
1142 2823 1178 2852 B.
1225 2822 1286 2852 Sed
1295 2822 1345 2853 hic
1357 2822 1388 2851 in
1402 2821 1510 2861 primis
1524 2820 1735 2852 desideramus

246 2867 311 2897 anti
337 2866 455 2896 uiorem
477 2866 517 2896 A.

214 2917 219 2921 ·
288 2877 374 2939 qut
388 2910 469 2939 hanc
483 2908 636 2939 rationem
652 2907 745 2947 vulgo
759 2906 835 2937 olim
851 2906 995 2937 traditam
1012 2915 1097 2946 puta.
1142 2908 1193 2938 Ita
1207 2909 1288 2939 brev.
1313 2906 1415 2939 Schol.
1433 2907 1457 2938 οἱ
1473 2907 1643 2949 ἑστιάτορα,
1662 2905 1732 2937 He-

248 2954 330 2992 sych.
345 2953 375 2983 h.
390 2952 431 2993 gl.
449 2957 594 2983 extrema.
610 2951 751 2993 μάγειροι,
768 2949 910 2980 similiter
926 2951 1061 2990 Etymol.
1083 2951 1129 2982 M.
1145 2961 1173 2990 p.
1192 2953 1264 2982 252.
