1856 3235
248 205 340 244 296
710 192 1269 244 PROLEGOMENA.

246 326 451 390 virgula,
489 325 710 373 modesto
735 326 889 391 signo,
915 327 966 373 in
1000 327 1072 383 iis,
1111 327 1194 389 qui
1219 327 1262 374 ei
1304 327 1365 374 ob
1401 325 1588 373 minora
1620 328 1740 375 vitia

246 393 532 439 viderentur
568 391 758 454 indigni
796 395 956 455 po'eta,
1000 400 1048 439 at
1083 391 1358 439 tolerabiles
1395 399 1572 439 tamen.
1644 393 1741 441 Sed

246 457 531 520 conjectura
553 457 659 505 haec
684 465 757 504 est
777 457 1039 504 admodum
1058 457 1194 520 parvi
1218 457 1453 504 momenti
1477 457 1528 503 in
1552 457 1633 504 illa
1669 458 1739 505 in-

244 523 397 570 fantia
420 522 550 571 artis.
621 523 865 578 Quocirca
887 539 989 569 rem
1030 531 1198 569 tenere
1224 524 1370 569 satius
1396 523 1500 578 erit,
1527 531 1576 569 et
1601 540 1740 586 argu-

244 588 423 635 mentis
446 587 664 652 pluribus
690 587 990 642 confirmare,
1035 604 1146 634 eum
1171 603 1269 634 non
1295 595 1483 635 tantum
1510 589 1738 636 notandis

245 654 409 709 naevis,
454 670 623 701 verum
648 653 792 700 etiam
816 652 1019 707 urendo,
1055 652 1368 714 amputando,
1405 652 1585 709 luxata,
1632 670 1739 716 quae

243 719 440 783 quidem
461 719 678 782 putabat,
707 717 946 765 suis-locis
962 717 1260 780 reponendo,
1291 717 1612 766 Homericum
1635 736 1737 766 cor-

239 801 330 849 pus
355 784 614 832 curavisse.
686 783 765 830 Ac
789 783 998 845 primum
1025 782 1130 845 quis
1156 782 1419 840 existimet,
1444 800 1610 831 versus
1637 802 1734 841 eos,

243 867 364 913 quos
406 849 690 896 Eustathius
733 857 783 895 et
819 847 1097 895 Scholiastae
1133 848 1309 911 passim
1346 865 1405 895 ex
1444 848 1546 895 aliis
1571 865 1736 897 recen-

242 916 453 964 sionibus
479 915 680 970 addunt,
724 913 1015 977 posteriores
1040 929 1207 960 omnes
1232 930 1333 961 esse
1378 914 1659 961 Aristarcho
1686 917 1736 962 ²³?

244 998 306 1028 ne
332 981 448 1044 quid
499 980 656 1026 dicam
700 979 760 1026 de
807 980 895 1034 his,
935 995 1055 1041 quos
1096 978 1318 1042 vulgares
1351 979 1531 1026 librarii
1570 988 1736 1028 nostro

240 1046 398 1095 textui
439 1045 706 1092 inculcant.
775 1044 903 1091 Nam
941 1044 1059 1106 quid
1098 1043 1205 1090 illos
1230 1043 1438 1100 afferam,
1484 1045 1566 1108 qui
1606 1046 1738 1108 apud

242 1112 612 1175 Hippocratem,
657 1109 926 1164 Platonem,
972 1109 1272 1165 Strabonem,
1321 1110 1440 1157 alios
1484 1109 1733 1173 leguntur,

237 1185 468 1240 tanquam
509 1174 624 1222 olim
663 1175 780 1223 lecti
817 1175 869 1221 in
910 1173 1079 1222 ordine
1104 1172 1160 1223 ²³?
1229 1175 1392 1238 Atqui·
1424 1175 1596 1222 horum
1634 1193 1737 1224 ver-

239 1312 414 1351 Trojanum
437 1321 500 1342 non
516 1311 693 1342 confecerit.
739 1311 910 1352 Jgnorabat
934 1321 1008 1351 ergo
1025 1315 1081 1341 aut
1106 1311 1271 1350 spernebat
1287 1310 1437 1341 veriorem
1453 1309 1580 1349 interpr.
1603 1320 1650 1349 ap.
1666 1310 1735 1340 Eu-

240 1357 330 1385 stath.
346 1365 374 1393 p.
390 1358 441 1386 91.
466 1358 538 1385 220.
583 1356 630 1385 At
651 1355 746 1385 etiam
768 1357 806 1394 φ’.
822 1357 893 1385 550.
911 1353 1051 1384 Achilles
1073 1354 1271 1396 πτολίπορθος
1288 1360 1341 1383 est.
1387 1353 1437 1384 Ibi
1454 1353 1533 1382 mire
1550 1352 1652 1383 Schol.
1667 1352 1736 1383 “ow

242 1398 391 1436 πλεονάζει
415 1397 460 1428 ἔπ’
478 1397 629 1432 Ὀδυσσέως
654 1398 689 1428 τὸ
703 1397 913 1439 πτολίπορθος·
929 1398 970 1428 νῦν
992 1395 1018 1427 δὲ
1033 1398 1119 1435 ἅπαξ
1133 1398 1177 1427 ἐπ’
1200 1396 1377 1437 Ἀχιλλέως.
1419 1397 1455 1427 Ἥ
1477 1395 1568 1430 διπλῆ
1583 1397 1647 1436 τρδς
1670 1396 1736 1429 τοὺς

242 1442 432 1483 χωρίζοντας·
448 1442 555 1475 «τούτοις
572 1442 631 1483 ’γὰρ
648 1441 786 1484 χρῶνται.
832 1442 903 1475 Τινὲς
914 1439 1102 1480 δὲἈχιλλία
1120 1444 1272 1473 Πηλείωνα
1281 1440 1386 1471 ποιοῦσι
1398 1439 1588 1480 (corrigunt)
1601 1438 1740 1478 ξενισθέν-

241 1497 288 1517 τες
305 1485 372 1526 πρὸς
389 1484 422 1514 τὸ
438 1484 583 1515 ἐπίθετον.
634 1484 694 1513 His
708 1483 810 1524 igitur,
828 1483 881 1523 qui
897 1484 941 1514 ita
955 1482 1138 1518 sentiebant,
1157 1482 1241 1513 idem
1257 1482 1436 1513 faciendum
1446 1482 1507 1512 fuit
1520 1482 1554 1512 in
1570 1482 1610 1513 ω’.
1627 1484 1696 1512 108.
1706 1486 1739 1511 et

240 1527 373 1557 fortasse
391 1526 488 1556 Catal.
505 1530 578 1557 255.
595 1526 697 1567 (728.)
715 1533 746 1556 et
761 1528 793 1557 ὅ.
807 1529 880 1556 584.

287 1580 306 1600 a
329 1570 411 1600 Sunt
421 1569 500 1599 adeo
514 1569 547 1599 in
564 1569 626 1599 illis
640 1580 696 1599 vss.
713 1569 867 1605 nonnulli,
883 1578 962 1609 quos
976 1568 1136 1608 rhapsodis
1152 1568 1261 1599 eadem
1273 1567 1376 1608 specie
1390 1568 1454 1599 veri
1469 1567 1593 1604 tribuas,
1605 1568 1655 1599 vel
1669 1578 1738 1599 ma-

170 1632 187 1636 »-
238 1612 316 1652 jore,
333 1623 429 1652 quam
455 1612 524 1642 aliis
538 1612 725 1642 auctoribus
770 1612 817 1642 Ut
830 1618 964 1652 quatuor
989 1613 1046 1642 hos
1060 1622 1108 1651 ap.
1131 1612 1230 1648 Eust.,
1247 1622 1383 1652 quorum
1399 1611 1570 1642 Ruhnken.
1593 1612 1738 1642 meminit

242 1655 282 1686 ad
300 1656 423 1694 Hymn.
438 1655 471 1684 in
490 1655 558 1685 Cer.
576 1658 656 1690 108.,
672 1655 803 1695 injectos
827 1660 897 1694 post
912 1654 941 1685 ν’.
955 1658 1038 1690 455.,
1056 1661 1087 1684 et
1101 1654 1179 1685 duos
1195 1660 1264 1693 post
1285 1654 1316 1685 α’.
1334 1658 1397 1692 50.,
1413 1654 1592 1684 Hesiodicis
1617 1654 1737 1695 Theog.

244 1702 314 1730 498.
332 1704 363 1728 et
377 1698 446 1728 aliis
460 1697 573 1728 fabulis
592 1697 665 1728 satis
680 1697 814 1735 similes;
835 1704 904 1727 tum
918 1697 1110 1727 miserrimos
1134 1703 1195 1728 tres
1211 1703 1280 1736 post
1296 1696 1406 1736 Odyss.
1429 1697 1467 1728 λ’.
1484 1700 1565 1733 438„
1581 1707 1659 1737 quos
1674 1708 1738 1727 ser-

244 1741 326 1771 vavit
345 1741 446 1771 Schol.
459 1740 601 1779 Euripid.
647 1740 760 1771 Plures
773 1741 868 1781 hujus
883 1746 974 1775 notae,
991 1740 1039 1770 vel
1054 1740 1120 1770 sola
1142 1740 1203 1770 fide
1218 1739 1425 1770 diobolarium
1439 1739 1593 1774 codicum,
1610 1739 1738 1771 adscivit

245 1784 423 1818 Barnesius,
440 1784 557 1822 priores
571 1783 699 1824 quidem
715 1784 748 1813 in
765 1783 793 1814 ν’.
808 1789 839 1814 et
850 1783 879 1814 η’.
894 1784 989 1813 etiam
1007 1783 1150 1818 Daceria,
1163 1783 1360 1813 librariorum
1372 1788 1455 1813 votos
1468 1793 1576 1813 versus
1590 1782 1738 1813 omitten-

243 1828 326 1857 tium
351 1826 576 1866 negligentiam
591 1837 726 1867 querens
740 1832 770 1856 et
785 1837 879 1866 prava
896 1825 1018 1866 judicia
1034 1826 1230 1856 Criticorum.
1277 1825 1376 1856 Recte
1397 1831 1579 1866 utrumque:
1604 1825 1665 1856 nisi
1681 1828 1739 1857 sub

244 1880 345 1900 unum
363 1870 541 1908 adspectum
560 1871 658 1908 posita
671 1869 787 1900 indicia
802 1879 906 1900 rerum
922 1869 1070 1899 aliorsum
1086 1868 1245 1899 flecterent
1259 1869 1403 1898 animum
1418 1869 1617 1908 suspicacem.
1660 1869 1736 1900 Jam

246 1913 357 1944 vellem
373 1913 488 1948 audire,
505 1912 581 1953 quid
597 1912 690 1942 docta
704 1912 819 1943 mulier
829 1912 1009 1952 judicatura
1024 1911 1141 1947 fuisset,
1168 1912 1194 1941 si
1209 1921 1319 1941 omnes
1340 1911 1416 1941 olim
1431 1921 1450 1942 a
1476 1911 1602 1942 Criticis
1616 1912 1737 1951 rejectae

245 1956 500 1994 interpolationes
526 1966 612 1986 nunc
627 1963 729 1986 essent
755 1955 788 1985 in
803 1961 900 1986 textu.
945 1955 992 1985 At
1005 1956 1163 1995 quaerebat
1178 1965 1215 1984 ea
1236 1957 1354 1993 poetam
1370 1957 1537 1994 integrum,
1563 1964 1659 1994 quem
1681 1965 1738 1985 nos

243 1999 440 2039 requirimus.
487 1998 583 2034 Quod
605 2004 711 2029 autem
739 1998 880 2028 librarios
905 1998 1018 2036 culpat,
1049 2008 1126 2038 quos
1149 1997 1245 2027 dicit?
1265 2007 1400 2037 quorum
1430 1997 1628 2036 temporum?
1652 1997 1737 2027 Nam

243 2042 307 2071 illae
331 2042 514 2071 omissiones
539 2041 641 2071 multo
667 2049 740 2072 sunt
753 2042 936 2071 vetustiores
960 2041 1091 2071 librariis
1111 2047 1288 2071 nostrarum
1314 2041 1579 2075 membranarum,
1604 2050 1738 2080 quarum

245 2085 334 2115 nulla
358 2085 445 2119 dum,
462 2084 518 2114 etsi
543 2084 684 2124 undique
699 2090 864 2115 contractae
889 2089 971 2116 sunt.
990 2094 1030 2113 ne
1045 2094 1148 2114 unum
1170 2083 1295 2124 quidem
1312 2093 1436 2113 versum
1465 2083 1594 2122 protulit
1609 2093 1736 2120 novum,

243 2138 338 2168 quem
354 2128 386 2157 in
403 2127 582 2158 recensione
600 2127 771 2158 Aristarchi
786 2127 881 2158 fuisse
897 2126 1034 2166 locuples
1049 2127 1135 2157 testis
1149 2126 1321 2161 confirmat,
1338 2126 1411 2156 licet
1424 2125 1521 2156 additi
1539 2135 1644 2156 versus
1669 2137 1739 2165 par·

244 2171 302 2200 tim
319 2171 393 2200 boni
409 2171 480 2205 sint,
508 2170 621 2209 partim
638 2170 824 2201 tolerabiles.
849 2190 850 2193 =
870 2170 956 2200 Nam
970 2169 1115 2200 addendo
1131 2169 1289 2200 interdum
1305 2179 1369 2199 non
1395 2168 1562 2199 infeliciter
1587 2168 1738 2205 luserunt,

245 2213 374 2253 perinde
390 2219 424 2243 ut
439 2213 552 2252 saepius
567 2219 736 2252 peccarunt
749 2212 934 2248 omittendo,
950 2213 1068 2252 singuli
1083 2213 1116 2242 in
1131 2212 1265 2253 singulis
1271 2224 1280 2250 3
1304 2222 1367 2242 non
1384 2222 1493 2242 omnes
1507 2211 1546 2242 de
1569 2218 1738 2251 compacto.

245 2257 296 2286 Ita
319 2266 431 2290 versuS,
447 2266 541 2296 quem
566 2257 661 2287 Barn.
679 2267 716 2286 ex
734 2256 950 2287 Grammatico
975 2255 1075 2285 infimi
1090 2255 1148 2285 aevi
1172 2254 1354 2295 (Herodoto
1383 2254 1422 2285 de
1439 2255 1514 2284 Vita
1539 2255 1653 2294 Hom.)
1670 2260 1739 2294 post

247 2303 317 2330 155.
334 2302 370 2329 α’.
397 2299 546 2338 Odysseae
561 2299 691 2335 infersit,
711 2299 846 2329 omissus
861 2299 958 2329 videri
973 2304 1073 2337 potest
1087 2298 1120 2328 in
1144 2297 1233 2328 codd.
1249 2298 1396 2328 omnibus
1415 2299 1454 2328 ob
1470 2297 1614 2336 principii
1629 2297 1739 2328 simili-

243 2342 387 2372 tudinem
412 2352 485 2372 cum
512 2342 672 2381 proximo;
696 2343 750 2383 qui
766 2352 850 2372 error
874 2341 1142 2382 frequentissimus
1157 2348 1204 2371 est
1229 2341 1262 2371 in
1288 2341 1514 2380 ὄμοιοτελεύτοις,
1541 2340 1678 2370 maxime
1704 2340 1739 2370 in

244 2384 335 2416 codd.
362 2385 391 2413 V
393 2385 517 2415 indobb.
536 2385 721 2415 Barnesium
737 2392 843 2416 tamen
865 2384 1063 2424 probabiliter
1089 2383 1321 2424 reprehendunt
1349 2383 1454 2414 Clark.
1471 2389 1503 2413 ct
1518 2382 1694 2423 wesseling
1709 2393 1740 2422 p.

246 2430 317 2459 756.
363 2429 408 2457 At
423 2438 496 2458 vero
509 2428 606 2458 istum
629 2438 752 2458 versum
768 2439 787 2458 a
810 2427 900 2458 nullo
914 2433 1053 2458 veterum
1076 2427 1119 2458 ibi
1135 2427 1251 2458 lectum
1268 2437 1340 2462 esse,
1367 2432 1444 2456 teste
1459 2426 1581 2456 vincam
1597 2431 1660 2456 tota
1684 2436 1733 2456 co-

244 2471 333 2501 horte
363 2470 657 2506 Grammaticorum,
675 2471 727 2511 qui
743 2476 920 2501 constanter
935 2476 966 2501 et
980 2481 1046 2501 uno
1059 2480 1113 2501 ore
1131 2470 1316 2510 praecipiunt
1340 2469 1379 2500 de
1394 2469 1496 2510 figura
1521 2470 1735 2506 ἐπαναλήψει-ς

245 2524 268 2544 S.
291 2515 515 2553 παλιλλαγίαςι
537 2514 604 2544 ’Ότι
622 2515 646 2544 ἒν
660 2513 761 2545 Ἰλιάδι
776 2515 900 2554 συνεχῶς
917 2517 981 2548 ταῖς
1005 2514 1211 2552 ἔπαναλῆψεσι
1226 2514 1380 2556 κέχρηται,
1397 2513 1425 2543 ἔν
1440 2524 1471 2542 τε
1487 2511 1634 2552 Ὀδυσσείᾳ
1645 2512 1738 2550 ἅπαξ,

242 2556 282 2588 α’.
301 2560 352 2586 25.
370 2558 516 2590 Αἰθίοπας
532 2574 575 2580 -
589 2567 616 2587 ν.
633 2557 748 2587 Scholl.
763 2563 794 2587 et
810 2558 899 2587 Eust.
914 2557 953 2587 ad
972 2556 1009 2587 11.
1025 2558 1060 2597 ζ’.
1087 2559 1155 2588 154.
1172 2558 1204 2587 ν’.
1221 2559 1294 2587 572.
1310 2562 1366 2586 etc.
1412 2554 1570 2584 Notarunt
1585 2555 1644 2584 hoc
1658 2564 1737 2594 quo-

243 2609 305 2640 que
320 2600 424 2638 Intpp.
441 2600 474 2629 in
494 2600 694 2630 Aristarcheo
722 2600 867 2631 Homero
882 2600 993 2630 versati
1018 2600 1229 2630 Masorethica
1243 2609 1325 2634 cura,
1341 2603 1490 2627 notarunt
1504 2598 1572 2632 hoc,
1600 2597 1737 2637 inquam.

243 2643 278 2672 ni
295 2642 393 2678 fallor⁷
410 2648 533 2681 propter
549 2643 612 2676 γοὺς
628 2643 816 2686 zmegma-as,
832 2643 887 2683 qui
903 2653 968 2673 non
979 2644 1166 2681 spernebant
1179 2647 1364 2682 argumenta
1380 2640 1461 2675 talia,
1486 2649 1583 2680 quum
1597 2640 1740 2680 graviora

242 2691 451 2724 suppeterent.
499 2686 654 2716 Caeterum
673 2696 766 2716 nemo
782 2686 894 2724 videat,
913 2696 970 2716 cur
984 2687 1078 2717 Barn.
1092 2695 1215 2716 versum
1230 2684 1373 2715 habuerit
1386 2685 1590 2714 necessarium
1605 2684 1639 2713 ob
1661 2693 1738 2714 aeco·

243 2732 387 2759 numiam.
433 2728 496 2764 An,
513 2734 549 2758 ut
563 2728 673 2759 iterato
689 2729 815 2759 l’hemii
831 2729 960 2759 nomine
976 2729 1066 2768 po'eta
1081 2738 1139 2759 nos
1153 2734 1274 2758 mature
1290 2727 1424 2758 adducat
1438 2726 1477 2756 ad
1493 2725 1738 2756 misericordiam

244 2772 387 2807 cantoris,
414 2781 507 2812 quem
532 2771 670 2810 imperiis
696 2781 862 2811 procorum
885 2778 1028 2802 coactum
1053 2771 1202 2802 cecinisse
1216 2770 1314 2801 dicit?
1336 2769 1467 2804 Scilicet.
1484 2769 1530 2799 ‘lm
1554 2770 1638 2810 σωθῇ
1651 2769 1676 2799 ἰν
1700 2771 1740 2810 «ᾖ

247 2815 488 2856 Μνκστκροφονίᾳ,
506 2819 541 2844 ut
552 2815 595 2845 ait
615 2816 660 2845 br.
676 2814 779 2845 Schol.
805 2815 891 2844 Hem
908 2815 1113 2846 oeconomiam
1130 2814 1228 2854 po‘etoe
1242 2819 1273 2843 et
1288 2823 1378 2843 nasos
1396 2811 1631 2843 Graeculorum!

284 2859 304 2887 b
321 2857 414 2887 Certe
429 2868 466 2887 ex
483 2857 696 2898 recognitione
710 2858 759 2888 vel
775 2857 878 2897 potius
892 2869 930 2888 cx
947 2857 1062 2888 fabrica
1080 2856 1291 2893 Callisthenis,
1307 2865 1401 2897 quem
1417 2865 1510 2894 supra
1525 2864 1598 2885 cum
1614 2853 1739 2884 Aristo-

242 2899 303 2932 fele
324 2900 498 2940 junximus,
526 2900 672 2933 laudatur
686 2911 791 2933 versus
814 2911 832 2931 a
849 2901 949 2933 Strab.
965 2900 1050 2932 XII.
1076 2910 1105 2941 p.
1122 2903 1194 2932 542.
1221 2900 1326 2942 (817.)
1343 2899 1375 2929 in
1405 2897 1558 2939 Catalogo
1572 2901 1642 2937 post
1665 2899 1740 2927 562.
