1856 3235
610 198 1173 248 PROLEGOMENA.
1541 208 1560 246 1
1572 206 1631 252 87

138 341 196 382 ut
218 333 487 398 peregrinae
510 338 640 379 notae
679 331 847 395 patriis
885 330 1014 378 sonis
1054 336 1352 393 aptarentur,
1390 346 1628 395 novaeque

132 400 455 448 subderentur
478 396 727 445 vocalibus
752 405 802 445 et
837 396 895 444 iis
918 395 1087 452 literis,
1125 395 1300 458 quibus
1333 395 1624 445 Phoenicum

131 466 370 528 scriptura
393 463 651 510 caruisset:
690 480 787 527 quo
822 462 1023 526 negotio
1062 459 1285 525 perfecto
1322 461 1519 509 demum
1548 480 1623 511 res

132 531 196 578 ad
219 529 557 592 inscriptiones
580 528 797 592 lapidum
823 527 1053 576 similisve
1085 527 1301 575 materiae
1324 528 1516 574 traduci
1540 546 1624 592 po-

130 596 249 644 tuit:
287 603 621 642 verumtamen
647 602 702 642 ut
725 594 807 641 illa
825 594 1174 642 meditamenta
1189 592 1292 656 jam
1318 592 1480 640 Iliacis
1504 602 1626 642 tem-

127 661 325 725 poribus
350 660 463 707 satis
497 659 718 723 perfecta
739 660 938 716 fuerint,
975 659 1179 723 longum
1211 658 1327 706 hinc
1365 667 1416 706 et
1458 660 1624 707 multis

127 726 283 777 modis
307 726 598 789 impeditum
621 727 714 773 iter
738 727 964 782 restabat,
1004 725 1163 773 donec
1204 732 1360 772 artem
1383 724 1623 772 habilibus

126 791 463 839 instrumentis
487 800 649 855 aptam
675 792 856 840 cultior
892 791 1126 838 doctrinis
1150 789 1360 854 populus
1384 790 1446 837 ad
1469 791 1624 838 brevi-

126 874 211 905 um
233 858 537 921 paginarum,
573 866 680 906 tum
715 857 778 905 ad
808 857 994 921 justam
1033 857 1267 906 librorum
1307 856 1623 919 scriptionem

126 923 395 971 adhiberet.

190 988 371 1037 Tribus
393 989 554 1037 verbis
577 989 807 1045 indicavi,
846 1006 970 1052 quae,
1011 995 1064 1036 ut
1087 995 1194 1035 tum
1218 995 1440 1051 tempora
1464 996 1618 1044 erant,

119 1053 323 1102 forsitan
348 1071 433 1102 sex
458 1054 648 1103 saeculis
671 1071 772 1102 non
806 1053 1059 1118 potuerint
1082 1053 1145 1101 ad
1169 1052 1399 1102 effectum
1436 1054 1620 1101 venire.

122 1120 227 1168 Diu
251 1120 382 1168 enim
412 1120 608 1168 illorum
648 1119 902 1168 hominum
942 1120 1044 1168 vita
1085 1127 1136 1168 et
1175 1119 1459 1184 simplicitas
1500 1119 1622 1166 nihil

120 1186 385 1234 admodum
417 1186 604 1243 habuit,
642 1186 774 1250 quod
815 1186 1057 1250 scriptura
1094 1185 1301 1250 dignum
1341 1186 1617 1233 videretur:

119 1252 173 1299 in
197 1251 300 1299 aliis
325 1252 549 1300 omnibus
574 1251 802 1316 occupati
827 1259 982 1316 agunt
1018 1251 1104 1308 illi,
1142 1267 1251 1315 quae
1287 1251 1471 1315 posteri
1509 1252 1623 1299 scri-

120 1318 261 1374 bunt,
299 1317 394 1374 vel,
422 1325 478 1366 ut
505 1318 565 1366 de
590 1317 879 1382 quibusdam
903 1317 1096 1382 populis
1137 1318 1433 1381 accepimus,
1472 1317 1621 1365 etiam

120 1391 437 1431 monstratam
473 1401 670 1448 operam
695 1385 822 1433 hanc
848 1391 1084 1448 spernunt
1125 1391 1358 1446 tanquam
1397 1383 1620 1431 indecori

122 1450 231 1497 otii:
273 1450 501 1497 Carmina
524 1458 704 1507 autem,
743 1466 851 1514 quae
875 1457 1114 1514 pangunt,
1150 1449 1301 1513 longo
1324 1466 1418 1496 usu
1443 1449 1512 1497 sic
1537 1466 1621 1497 ore

123 1523 174 1563 et
195 1514 405 1563 fundere
447 1523 497 1563 et
538 1516 766 1580 excipere
792 1523 1168 1572 consueverunt,
1207 1523 1262 1562 ut
1300 1523 1449 1563 cantu
1476 1523 1526 1562 et
1549 1532 1620 1563 re-

122 1580 356 1628 citatione
382 1598 494 1628 cum
515 1582 727 1630 maxime
751 1581 971 1645 vigentia
996 1581 1242 1629 deducere
1267 1581 1330 1628 ad
1353 1589 1512 1628 mutas
1537 1598 1621 1628 no-

120 1653 209 1702 tas,
247 1663 309 1694 ex
333 1645 461 1694 illius
502 1648 659 1695 aetatis
683 1664 828 1696 sensu
851 1647 973 1694 nihil
1015 1647 1149 1695 aliud
1190 1654 1332 1703 esset,
1370 1663 1516 1710 quam
1538 1663 1620 1710 pe-

118 1712 295 1761 rimere
320 1729 377 1760 ea
401 1721 452 1761 et
473 1713 609 1761 vitali
642 1714 690 1761 vi
727 1730 784 1761 ac
825 1714 998 1777 spiritu
1034 1713 1242 1777 privare.
1313 1712 1426 1769 Qua
1467 1713 1528 1760 de
1568 1729 1621 1761 re

118 1776 245 1826 infra
268 1778 443 1836 dicam,
482 1795 634 1843 quum
659 1779 720 1827 de
761 1795 965 1828 munere
1006 1778 1365 1844 rhapsodorum
1407 1779 1620 1843 explica-

117 1844 197 1892 bo.
267 1844 416 1893 Nunc
463 1845 525 1892 ad
571 1845 925 1909 impedimenta
959 1845 1313 1910 praeverfflmur,
1351 1861 1462 1908 quae
1501 1853 1618 1893 aetas

121 1910 184 1958 ad
207 1909 398 1974 opificia
439 1911 599 1959 minus
625 1928 773 1975 sagax
808 1928 908 1959 non
946 1912 1110 1977 potuit
1150 1928 1251 1959 non
1289 1910 1518 1975 objicere,
1557 1927 1620 1959 ne

123 1976 223 2024 cito
262 1975 371 2024 talis
400 1994 492 2033 res,
527 1985 628 2025 tam
651 1994 739 2041 per
763 1995 813 2026 se
836 1995 1009 2042 parum
1033 1986 1147 2042 apta
1170 1977 1407 2034 sensibus,
1443 1979 1503 2025 ab
1538 1978 1620 2025 ob-

121 2042 354 2091 scuritate
378 2043 768 2092 rudimentorum
793 2044 856 2091 ad
891 2052 1167 2108 promptam
1200 2042 1487 2091 facilitatem
1512 2059 1619 2106 per-

120 2107 398 2156 duceretur.
470 2109 668 2157 Etenim
693 2119 931 2173 quantum
954 2119 1004 2158 et
1028 2126 1174 2174 quam
1215 2109 1301 2157 diu
1340 2109 1392 2156 in
1416 2109 1512 2157 hoc
1534 2126 1618 2173 ge-

120 2189 237 2221 nere
261 2173 531 2222 laboratum
557 2176 618 2224 sit
643 2175 758 2223 olim
781 2176 1219 2224 instrumentorum
1259 2176 1479 2239 penuria,
1524 2176 1619 2222 sin-

119 2239 325 2303 gulatim
350 2242 575 2305 persequi
600 2242 758 2305 ipsum
783 2242 919 2290 labor
960 2250 1045 2290 est.
1114 2242 1244 2289 Eum
1280 2248 1446 2290 tamen
1486 2241 1618 2289 labo-

119 2321 222 2352 rem
247 2322 346 2353 non
371 2307 569 2355 omnino
606 2307 855 2371 defugiam
880 2324 1049 2356 eorum
1071 2308 1243 2372 gratia,
1271 2307 1355 2370 qui
1379 2307 1522 2355 nimis
1546 2323 1617 2354 as-

119 2371 244 2418 sueti
268 2388 539 2435 pennarum
565 2390 759 2421 suarum
786 2374 1163 2438 chartarumque
1197 2373 1386 2422 levitati
1412 2372 1616 2421 difficul-

118 2443 244 2485 tates
269 2437 547 2501 hujusmodi
571 2456 598 2486 a
621 2456 698 2488 me
722 2447 899 2503 praeter
923 2440 1125 2489 modum
1149 2439 1318 2504 augeri
1341 2447 1534 2504 putent.

183 2502 478 2552 Percurrant
526 2521 643 2569 ergo
683 2522 878 2554 mecum
921 2524 992 2563 ea,
1041 2507 1091 2554 in
1139 2507 1315 2571 quibus
1354 2506 1615 2571 graphium

119 2565 407 2618 Graecorum
432 2572 490 2618 ab
516 2572 727 2635 antiquis
752 2573 1067 2635 scriptoribus
1102 2572 1312 2620 traditur
1344 2572 1615 2620 miserrime

116 2633 308 2683 haesisse
333 2636 395 2683 ad
438 2636 672 2685 saeculum
697 2637 799 2686 fere
826 2638 918 2685 VI.
958 2646 1071 2686 ante
1097 2638 1230 2695 Chr„
1271 2656 1368 2703 quo
1404 2639 1615 2701 primum

116 2700 275 2748 biblus
313 2718 395 2750 seu
434 2719 645 2768 papyrus
684 2703 914 2767 majorem
954 2705 1354 2753 commoditatem
1396 2703 1561 2751 attulit
1580 2711 1612 2748 ³.

156 2850 175 2870 a
198 2839 374 2881 Vulgarem
389 2842 572 2882 opinionem
589 2843 628 2874 de
646 2854 762 2884 papyro
778 2843 907 2875 invento
935 2844 1147 2881 Alexandriae,
1172 2845 1341 2885 profectam
1360 2855 1377 2874 a
1406 2844 1452 2873 M.
1471 2841 1615 2873 Varrone

115 2892 161 2921 ap.
178 2882 263 2914 Plin.
279 2884 385 2917 XIII.
406 2889 450 2916 ll.
471 2890 524 2918 21.
549 2887 654 2926 plures
665 2887 734 2928 jam
749 2887 871 2928 pridem
897 2887 1043 2919 viderunt
1058 2889 1168 2920 falsam
1185 2899 1259 2919 css-o.
1304 2888 1476 2918 Enimvero
1491 2886 1615 2918 locutu<
