1856 3235
191 217 283 257 248
653 201 1210 253 PROLEGOMENA.

187 337 491 388 conveniret:
539 335 661 383 adeo
701 335 1044 383 didascalicum
1083 349 1239 397 genus
1279 333 1337 380 ab
1375 348 1433 380 eo
1471 347 1666 396 prorsus

187 402 480 452 excluditur.
548 401 723 465 Neque
745 408 856 464 post
879 399 1195 447 Aristotelem
1231 398 1482 462 quisquam
1514 398 1668 462 philo-

187 469 445 534 sophorum
468 483 630 514 veram
652 467 751 514 vim
774 466 901 512 illius
933 465 1047 512 artis
1085 473 1169 511 aut
1202 464 1481 512 historicam
1521 464 1669 512 inter-

185 534 508 600 pretationem
530 539 664 580 recte
699 538 946 578 assecutus
985 529 1195 577 videtur.
1263 530 1392 577 Nam
1417 530 1533 577 dum
1560 530 1671 593 Epi·

188 599 321 648 curei
345 615 537 647 omnem
558 597 727 662 poe‘sin
753 603 802 642 et
825 595 1057 642 musicam
1081 594 1380 658 rejiciebant,
1406 596 1672 659 negabant-

190 682 284 730 que
308 666 395 712 sub
423 662 627 712 Homeri
649 660 822 708 fabulis
844 660 995 707 latere
1020 660 1306 715 doctrinam,
1346 670 1537 708 caeterae
1571 677 1673 708 sec-

188 739 253 780 tae
275 747 453 794 magno
478 728 638 776 studio
662 727 724 774 ad
746 734 936 774 veteres
961 726 1149 778 ὑπονοίας
1180 727 1509 782 recurrebant,
1550 726 1673 774 Stoi-

188 797 234 845 ci
273 797 325 844 in
363 795 544 860 primis,
592 793 742 849 Zen0‚
793 791 1074 849 Cleanthes,
1110 790 1423 855 Chrysippus,
1461 808 1522 838 ex
1559 808 1676 854 quo-

189 879 296 910 rum
342 860 534 924 scriptis
574 859 831 906 maximam
870 866 1055 922 partem
1098 873 1153 903 ea
1194 866 1308 903 sunt
1345 856 1529 913 hausta,
1568 873 1677 920 quae

193 927 479 975 Heraclides
525 942 560 972 s.
606 924 903 979 HeraclitUS,
942 923 1204 978 Cornutus,
1243 921 1527 969 Eustathius
1568 922 1679 970 affe-

192 1001 322 1040 runt.
393 991 494 1039 Illis
519 998 680 1038 autem
705 1007 754 1037 se
779 989 1005 1053 opposuit
1038 987 1368 1046 Aristarchus,
1403 989 1561 1035 verbis
1593 1004 1678 1051 po-

191 1063 283 1106 etae
307 1057 487 1120 ubique
511 1056 719 1104 fideliter
742 1054 1093 1109 inhaerendum,
1137 1061 1188 1100 et
1225 1053 1368 1100 istam
1405 1053 1677 1100 doctrinam

193 1140 348 1171 meras
395 1138 549 1185 nugas
595 1136 698 1168 esse
731 1127 908 1183 putans
926 1126 959 1166 ³.
1028 1119 1206 1181 Neque
1243 1135 1360 1165 vero
1407 1117 1682 1166 Aristarchi

189 1188 451 1236 auctoritas
496 1203 524 1233 a
567 1186 827 1249 nugatorio
884 1184 1046 1230 studio
1100 1183 1305 1229 deduxit
1349 1182 1678 1246 philosophos,

191 1269 398 1318 quorum
439 1251 585 1298 etiam
625 1248 993 1312 insequentibus
1031 1247 1219 1295 saeculis
1253 1247 1356 1295 fere
1384 1247 1546 1295 nullus
1569 1247 1680 1305 fuit,

194 1320 278 1383 qui
302 1334 401 1365 non
428 1315 647 1363 Homero
688 1314 901 1379 οἱπὸῤῥητα
939 1313 1157 1377 quaedam
1193 1312 1273 1361 vel
1313 1322 1447 1361 certe
1485 1313 1684 1362 decreta

192 1392 340 1432 sectae
364 1399 463 1430 suae
497 1381 798 1429 obtruderet.
871 1379 1006 1427 Hinc
1043 1378 1200 1426 facete
1236 1379 1480 1426 Senecab:
1520 1379 1683 1443 Appa-

197 1458 272 1498 ret
301 1448 423 1496 nihil
456 1448 631 1495 horum
672 1463 774 1494 esse
814 1445 865 1492 in
903 1444 1001 1501 illo,
1041 1445 1121 1492 cui
1162 1444 1326 1491 omnia
1363 1445 1555 1503 insunt;
1593 1445 1685 1492 ista

198 1516 327 1564 enim
351 1515 479 1561 inter
503 1530 553 1561 se
579 1512 829 1560 dissident.
900 1510 1188 1574 Eodemque
1217 1510 1431 1573 pertinet
1465 1511 1683 1573 quaestio,

195 1598 257 1629 an
274 1579 586 1645 philosophus
603 1577 759 1625 fuerit
773 1581 933 1640 poeta,
950 1584 1158 1624 tractata
1176 1575 1257 1622 illa
1280 1575 1533 1631 Favorino,
1555 1575 1685 1623 Lon-

199 1647 331 1711 gino,
371 1645 617 1692 OEnomao
643 1651 693 1691 et
715 1643 829 1690 aliis.
898 1642 958 1689 In
984 1658 1078 1705 qua
1101 1641 1345 1705 quomodo
1379 1649 1596 1689 versatus
1626 1641 1688 1688 sit

202 1710 512 1776 Porphyrius,
551 1726 611 1757 ex
637 1709 738 1773 ejus
764 1707 968 1756 Scholiis
992 1716 1043 1755 et
1067 1723 1281 1755 seorsum
1317 1706 1459 1754 editis
1483 1722 1689 1769 opuscu-

199 1778 257 1825 lis
282 1784 495 1840 apparet.
564 1775 756 1838 Nempe
781 1791 841 1822 ex
865 1773 960 1821 hoc
984 1781 1204 1836 tempore
1227 1772 1438 1819 maxime
1463 1771 1688 1820 relabun-

202 1852 281 1890 tur
306 1841 471 1890 Graeci
494 1842 544 1888 in
568 1840 705 1888 illum
728 1841 964 1895 morbum,
1007 1847 1064 1886 ut
1097 1838 1277 1901 ubique
1312 1836 1566 1901 allegorias
1589 1837 1690 1885 sive

201 1908 492 1972 anagogicas
515 1907 612 1954 sive
636 1906 888 1953 historicas
923 1912 1138 1968 captent.
1212 1903 1365 1950 Hisce
1402 1902 1544 1949 armis
1588 1902 1692 1950 Ho-

203 1989 390 2021 merum
417 1972 617 2020 Proclus
641 1970 937 2019 defendebat
976 1978 1147 2018 contra
1170 1969 1446 2027 Platonem;
1482 1968 1552 2015 ita
1575 1968 1694 2015 Sim-

204 2039 376 2103 plicius
399 2038 450 2085 in
473 2037 649 2086 fabulis
667 2038 1043 2105 wagaweroiashaw
1062 2051 1190 2084 verae
1209 2034 1457 2098 sapientiae
1473 2033 1694 2094 videbat3

205 2106 273 2152 ita
313 2104 523 2168 denique
562 2103 727 2151 infima
764 2110 923 2160 aetate,
958 2119 1020 2151 ne
1057 2101 1219 2166 plures
1255 2098 1510 2164 appellem,
1539 2099 1690 2148 Mich.

208 2169 408 2227 Psellus,
448 2169 692 2218 Eustathii
737 2169 935 2225 amicus,
987 2176 1039 2217 et
1080 2166 1388 2231 Nicephorus
1429 2164 1692 2229 Gregoras,

207 2235 288 2284 ille
312 2243 573 2300 utrumque
598 2235 822 2292 Carmen,
859 2235 940 2283 hic
976 2233 1163 2299 Ulyssis
1195 2248 1378 2281 errores
1403 2230 1693 2296 explicabat.

816 2438 1091 2487 XXXVII.

214 2588 217 2589 ’
279 2575 374 2625 Sed
399 2576 460 2623 de
484 2577 694 2640 antiquis
718 2576 825 2634 illis,
854 2576 1184 2641 (redeundum
1210 2574 1339 2623 enim
1360 2572 1500 2622 nobis
1519 2589 1593 2630 eo,
1612 2588 1700 2620 un-

215 2642 276 2690 de
301 2642 501 2706 digressi
536 2643 740 2703 sumus)
777 2659 947 2706 parum
983 2649 1189 2699 constat,
1227 2640 1471 2705 quomodo
1504 2638 1701 2703 reliquis

214 2708 490 2772 interpretis
514 2707 671 2756 functi
693 2709 790 2756 sint
814 2709 997 2757 officiis.
1068 2707 1262 2772 Quippe
1289 2724 1368 2755 eos
1392 2722 1493 2755 non
1520 2705 1571 2754 in
1604 2720 1703 2752 una

257 2850 275 2870 a
299 2840 382 2872 Vide
397 2842 542 2872 Eustath.
555 2852 585 2882 p.
603 2845 633 2872 5.
648 2846 697 2873 40.
715 2845 785 2873 561.
800 2846 872 2873 614.

258 2885 277 2914 b
292 2884 392 2925 Epist.
407 2885 646 2917 LXXXVIII.
662 2895 726 2917 non
741 2885 759 2916 1.
776 2895 803 2916 a.
818 2895 861 2925 pr.
