1856 3235
598 215 1063 263 ΕΠΙΓΡΑΜΜΑΤ
1067 215 1129 261 A.

1504 211 1610 262 131

260 359 463 424 Πολλός,
489 356 564 410 σὺν
590 357 745 425 πλὲτῳ
766 356 811 409 δε
840 358 920 408 καὶ
944 355 1176 426 ευφξοο-υνη
1203 359 1455 419 τεθαλυῖα,

661 433 675 449 Ι
731 431 753 449 ‘l

186 443 223 492 5
258 436 412 507 Εἷξῆνη
440 434 476 484 τ’
506 435 695 498 ἁγαὲιη·
723 454 811 483 οσοι

839 431 876 484 δ’
905 429 1087 497 ἄγγεα,
1114 432 1241 500 poeste}
1260 454 1342 499 μεν
1371 431 1452 496 εἴη,

256 507 471 581 Κυξβαῖη
494 506 530 559 δ’
559 507 646 558 αἰεὶ
674 507 803 558 κατὰ
828 504 1080 578 καξόόπε”
1059 528 1181 577 §gv-so
1207 504 1360 575 μάζα.

255 586 329 634 ΤΞ
355 581 512 640 παιδος
540 581 585 634 δε
615 581 720 646 γυνὴ
747 581 876 632 κατὰ.
903 579 1102 653 διφξάδα.
1128 577 1380 643 βήσεται”
1352 602 1510 649 υμμιν,

237 656 457 724 ”Ἡμιόνοι
480 656 515 708 δ’
546 654 684 718 ἀξεσι
709 655 1048 728 κξοιταῖποὸες’
1036 677 1076 714 ες
1103 653 1200 707 τοδε
1229 654 1375 722 δῶμα·

255 731 450 796 Αὐτὴδ
479 729 568 787 ἱςόν
595 730 777 796 &votivos
806 730 868 781 ἐπ’
898 728 1094 801 ἦλὲκτξῳ
1118 729 1351 793 βεβαυῖα.

147 809 216 860 10
253 806 446 874 Νευμαῖ
471 827 537 857 σοι
566 807 724 875 νεῦμαι
753 803 980 866 ἒνιαῦσιος,
1006 803 1109 862 ω’ςτε
1137 803 1343 873 χελιδών.

241 879 403 939 ‘'Es‘mo'
432 878 748 967 ἒνπςοθῦξοιο-ι·
775 879 855 930 καὶ
885 881 920 930 εἰ
945 877 1025 948 μέν
1052 902 1093 931 τι
1123 877 1284 936 δώσεις
1316 879 1350 929 εἰ
1379 875 1427 928 δε
1454 875 1536 945 μη,

257 955 373 1024 Οὐχ
409 954 632 1024 ἓςῆξομεν·
655 952 680 1005 ἐ
708 954 803 1026 γοὶς
831 952 1125 1014 συνοικῆσοντε
1156 951 1310 1007 ἐνθάδ’
1338 949 1556 1023 ἤλθομεν

256 1127 381 1165 Multae,
399 1138 534 1170 cumque
549 1127 664 1159 divitiis
678 1127 788 1159 laetitia
801 1138 910 1160 recens

212 1185 233 1216 ⁵
254 1183 299 1214 Et
313 1194 374 1223 pax
388 1185 480 1215 bona.
529 1183 648 1214 Omnia
661 1189 770 1215 autem
784 1194 857 1214 vasa
871 1183 965 1223 plena
977 1184 1060 1220 fiant,

257 1237 400 1278 Turgida
415 1243 522 1269 autem
537 1247 659 1277 semper
673 1244 826 1269 mactram
841 1238 965 1277 repleat
975 1248 1072 1270 maza.

256 1291 331 1323 Filii
345 1298 451 1323 autem
466 1302 547 1322 uxor
561 1298 709 1332 carpento
724 1293 855 1323 vehatur
868 1293 962 1329 vobis,

257 1345 406 1386 Mulique
416 1346 518 1377 ferant
532 1346 566 1376 in
582 1356 676 1377 curru
692 1346 733 1377 ad
746 1347 827 1377 hanc
842 1347 974 1378 domum
988 1346 1118 1384 veloces,

255 1400 331 1439 Ipsa
344 1410 417 1431 vero
431 1406 515 1431 texat
529 1401 624 1432 telam
642 1401 756 1432 electro
771 1401 926 1432 insistens.

193 1457 236 1486 10
257 1453 368 1485 Redeo
381 1454 449 1493 tibi,
464 1455 557 1485 redeo
571 1455 749 1496 quotannis,
762 1461 798 1486 ut
815 1455 957 1486 hirundo.

255 1508 313 1539 Sto
328 1518 399 1539 vero
415 1515 487 1539 ante
501 1509 592 1540 fores.
638 1509 733 1545 Quod
748 1510 774 1539 si
789 1509 864 1550 quid
879 1509 1018 1540 dederis:
1045 1510 1094 1540 sin
1109 1509 1217 1540 minus

254 1561 330 1593 Non
345 1562 497 1594 stabimus
511 1563 576 1600 diu,
594 1573 660 1594 non
676 1564 763 1595 enim
777 1564 991 1595 cohabitatum
1005 1563 1068 1595 huc
1083 1564 1236 1594 venimus.

144 1692 220 1725 Ver.
244 1697 273 1725 2.
290 1694 342 1729 Ὃς
367 1694 452 1735 μέγα
476 1695 549 1737 etc.]
583 1694 685 1726 Hunc
709 1705 834 1726 versum

101 1737 245 1778 spurium
259 1747 326 1768 esse
341 1739 482 1768 arbitror.
527 1738 612 1768 Nam
635 1738 738 1778 prima
761 1749 834 1778 pars

99 1781 194 1822 friget
222 1790 296 1811 sane
325 1786 395 1820 post
428 1780 520 1830 ἄνδρας
552 1781 637 1821 μέγα
668 1781 831 1822 δυναμένοιο,

99 1830 131 1855 et
160 1823 286 1865 reliqua,
323 1823 437 1854 ultima
466 1823 620 1874 inprimis
637 1831 732 1864 parte,
765 1825 833 1855 lan-

99 1873 208 1908 guent,
232 1877 291 1897 nec
319 1867 474 1897 sententia
489 1867 680 1898 conveniunt
697 1868 832 1908 reliquis.

99 1912 249 1941 Kusterus
275 1910 316 1941 ad
341 1910 472 1941 Suidam
497 1912 710 1950 corrigebat“
695 1924 722 1944 ος
749 1911 834 1952 μέγα

99 1953 151 1993 μέν
166 1957 194 1994 γ’
212 1954 305 1994 αὐχεῖ
316 1959 374 1984 etc.
392 1964 410 1984 e
424 1953 562 1994 vestigiis
583 1954 727 1984 lectionis
748 1954 833 1994 apud

98 1996 288 2027 Lucianum.
335 1996 397 2027 Sed
413 2002 445 2027 et
459 1998 489 2038 γ’
512 1997 615 2038 friget,
632 2003 664 2027 et
679 1997 834 2028 sententia

98 2049 165 2070 non
179 2039 261 2070 bene
275 2040 431 2070 convenit.

142 2083 218 2113 Ver.
239 2085 269 2112 5.
294 2083 389 2114 Aha-a>
405 2083 527 2125 cluana]
554 2083 606 2113 Sic
627 2093 685 2122 pro
706 2083 834 2124 vulgato

98 2125 194 2168 ιεἰτᾶρ
227 2127 311 2156 ἂνωκ.
348 2131 384 2156 ut
420 2126 562 2166 placebat
598 2126 831 2167 elegantissimo

99 2169 246 2199 Piersono
264 2168 443 2199 Verosimil.
461 2180 490 2209 p.
506 2173 557 2201 39.
572 2169 666 2210 idque
691 2170 832 2200 imitatus

97 2211 129 2241 ei
145 2210 305 2241 videbatur
321 2212 446 2242 Callim.
463 2212 507 2242 H.
524 2212 558 2242 in
575 2213 680 2251 Apoll.
697 2217 726 2244 5.
750 2214 832 2244 αὐτοὶ

98 2255 140 2284 νῦν
156 2267 305 2295 κατοχηες
331 2256 464 2286 ἀνακλῖν
456 2257 521 2286 εεσ9
536 2257 658 2299 9υράων.
674 2256 714 2287 ad
735 2266 831 2297 quem

98 2296 206 2327 locum
223 2307 249 2327 v.
269 2297 352 2328 dicta
366 2308 385 2328 a
399 2299 498 2329 nobis.

143 2340 227 2371 Ibid·
244 2340 341 2382 ἐ’σεισι]
359 2341 500 2371 Suidas¹‘
488 2354 553 2373 επει
555 2355 588 2372 σι.

139 2382 217 2414 Ver.
234 2387 262 2414 6.
281 2385 411 2426 Κυρβαίη
425 2384 587 2426 -μάζα.]
604 2384 636 2415 Si
652 2384 747 2416 lectio
756 2396 834 2416 sana

98 2430 153 2462 est,
169 2426 292 2457 videtur
308 2437 373 2457 esse
388 2429 519 2463 tumida,
536 2427 617 2458 elata
632 2438 725 2468 supra
747 2439 831 2460 mac-

99 2475 188 2505 cam,
212 2476 248 2500 ut
262 2469 340 2500 solet
355 2480 422 2500 esse
444 2480 545 2500 massa
567 2472 702 2507 subacta,
725 2482 800 2502 cum
815 2483 834 2503 a

97 2511 253 2543 fermento
268 2513 430 2544 attollitur.
476 2513 559 2544 Nam
576 2520 607 2544 et
620 2514 722 2545 Schol.
740 2515 830 2546 Aris-

98 2555 243 2594 tophanis
267 2556 308 2586 ad
324 2556 408 2586 Nub.
432 2559 504 2587 447.
529 2557 639 2599 κύρβεις
663 2557 762 2588 dictas
787 2558 830 2589 le-

96 2607 176 2638 gum
190 2599 311 2630 tabulas
325 2599 376 2636 ait,
400 2602 467 2631 ἀπὸ
490 2601 540 2634 τῆς
558 2601 594 2634 εἷς
618 2599 695 2638 ἶν’ψος
718 2602 830 2637 ἀναβαί-

96 2653 163 2675 σεως
202 2641 276 2683 (leg.
309 2642 436 2674 ἀνατάσε
429 2643 501 2682 -ως).
562 2643 676 2674 Suidas
713 2650 829 2680 autem,

97 2683 152 2723 qui
169 2685 236 2715 haec
249 2686 421 2725 exscripsit,
433 2685 528 2722 addit,
545 2684 591 2717 διὰ
603 2687 637 2717 ’νδ
652 2689 830 2729 κεκορυφωσ-

96 2727 160 2757 θαι.
206 2727 296 2758 Idem
323 2729 356 2758 in
383 2729 441 2759 hoc
467 2739 557 2759 versu
582 2730 675 2760 habet
698 2731 829 2773 κυρκαίη,

97 2769 181 2808 quod
196 2776 277 2801 recte
292 2778 399 2802 monet
425 2773 597 2804 Barnesius
612 2783 678 2803 esse
705 2784 795 2813 posse
810 2784 829 2804 a

97 2814 207 2855 κυςκᾷν
228 2824 284 2853 pro
303 2817 404 2855 κυκᾷν,
428 2821 464 2845 ut
486 2830 630 2859 κυρκανᾳν
651 2816 736 2856 apud
759 2817 829 2847 He-

96 2856 178 2894 sych.
205 2862 236 2886 et
253 2856 392 2888 Suidam.
439 2858 500 2889 Sed
526 2860 571 2890 nil
593 2860 669 2890 certi
695 2866 749 2896 est,
768 2871 826 2891 nec

91 2897 180 2936 juvat
191 2909 332 2931 exercere
343 2901 546 2942 conjecturas.
594 2903 697 2934 Mazae
708 2914 825 2944 genera

878 1695 979 1726 multa
993 1695 1087 1725 habet
1103 1693 1218 1725 Pollux
1235 1692 1298 1724 VI.
1314 1694 1365 1724 75.
1380 1692 1413 1723 in
1423 1692 1472 1723 his
1487 1692 1611 1723 nullam

878 1738 926 1769 vel
942 1752 979 1769 κυ
979 1742 1022 1781 3.ss
1040 1738 1089 1768 vel
1105 1751 1209 1780 κυρκαι
1205 1739 1251 1771 'av-

922 1782 998 1812 Ver·
1019 1785 1046 1813 9.
1061 1781 1210 1822 βεβαιυῐᾞαι]
1238 1782 1371 1817 Βεβανῖωι
1389 1790 1453 1810 non
1479 1779 1611 1810 debebat

878 1824 955 1855 verti
979 1827 1120 1856 insistens
1145 1824 1268 1859 electro,
1287 1824 1341 1853 sed
1366 1826 1479 1854 sedens.
1524 1823 1611 1853 Nam

877 1868 959 1898 inter
986 1867 1156 1898 texendum
1182 1872 1336 1897 matronae
1361 1865 1516 1900 sedebant,
1534 1872 1570 1895 ut
1592 1876 1610 1896 e

877 1910 1092 1941 monumentis
1123 1910 1231 1950 priscis
1264 1915 1356 1950 patet.
1390 1920 1417 1940 v.
1459 1911 1610 1940 Gesnerus

877 1954 919 1985 Τ.
937 1954 1005 1985 ΙΙΙ.
1023 1955 1201 1985 Comment.
1221 1953 1289 1984 Soc.
1308 1953 1450 1993 Gotting.
1467 1963 1495 1992 p.
1513 1955 1564 1983 85.

922 1997 997 2028 Ver.
1019 2001 1065 2027 ll.
1085 1997 1249 2031 12.“Εςηκ”
1274 1996 1347 2038 etc.]
1395 1996 1468 2025 Hos
1492 2005 1607 2031 versus,

877 2050 956 2081 quos
972 2041 1015 2071 sic
1031 2041 1124 2071 habet
1139 2040 1201 2070 vita
1227 2038 1376 2076 Homeri,
1401 2049 1472 2079 quae
1501 2039 1606 2068 Hero-

877 2084 952 2113 doto
968 2083 1123 2119 tribuitur,
1140 2083 1266 2113 vitiosos
1281 2092 1347 2112 esse
1370 2087 1461 2121 patet,
1486 2091 1607 2112 correc-

876 2127 969 2157 tionis
993 2133 1075 2156 certe
1101 2126 1214 2156 modus
1246 2125 1329 2156 latet.
1374 2125 1519 2160 Quatuor
1552 2135 1610 2163 pro

875 2169 999 2200 duobus
1023 2171 1117 2200 habet
1145 2169 1266 2204 Suidas,
1293 2168 1347 2198 sed
1373 2174 1404 2198 et
1429 2168 1511 2207 ipsos
1538 2177 1607 2198 cor-

876 2213 1077 2252 rupfissimos,
1113 2223 1170 2243 nec
1204 2212 1272 2242 sine
1305 2211 1487 2242 melioribus
1522 2210 1608 2241 libris

874 2256 1082 2296 corrigendos,
1128 2255 1240 2291 Adeat,
1257 2255 1311 2296 qui
1326 2254 1417 2290 volet,
1441 2257 1609 2285 Kuscerum

875 2298 916 2330 ad
944 2299 1075 2330 Suidam
1090 2304 1122 2329 et
1149 2300 1336 2330 Barnesium
1363 2297 1402 2328 ad
1419 2298 1449 2328 h.
1466 2298 1485 2328 l.
1542 2297 1608 2327 His

874 2343 1013 2373 versibus
1042 2341 1170 2373 tandem
1199 2341 1356 2372 medelam
1393 2339 1505 2377 attulit,
1537 2346 1608 2379 post

876 2385 985 2416 inanes
1000 2385 1133 2416 aliorum
1150 2392 1288 2420 conatus,
1308 2386 1366 2417 Cel.
1402 2386 1608 2415 Vatkenarius

877 2429 918 2460 ad
934 2429 1087 2460 Herodot.
1116 2429 1223 2459 VIII.
1243 2431 1295 2459 62.
1312 2438 1341 2467 p.
1367 2431 1438 2459 646.
1455 2427 1509 2458 ubi
1538 2437 1607 2458 mo-

876 2478 938 2508 net,
964 2472 1061 2502 finem
1090 2471 1248 2502 Iresiones
1273 2482 1339 2502 esse
1363 2471 1397 2501 in
1412 2481 1501 2501 versu
1526 2471 1610 2504 ἐ’ςηκ.

875 2516 900 2546 ἰν
922 2516 1106 2564 wasagum,
1135 2514 1249 2546 deinde
1273 2513 1361 2545 aliud
1388 2514 1607 2554 fragmentum

874 2559 962 2599 sequi
977 2565 1123 2589 constans
1137 2557 1261 2588 duobus
1272 2557 1418 2593 Senariis
1435 2557 1517 2598 quod
1531 2567 1609 2587 con-

871 2601 968 2642 jungi
983 2611 1057 2632 cum
1075 2601 1214 2632 Iresione
1225 2611 1280 2641 per
1291 2601 1518 2632 xal.Se11arii
1531 2605 1606 2630 sunt

873 2645 920 2675 hi:

912 2699 944 2726 Εἰ
953 2698 997 2734 μέν
1009 2711 1032 2726 τι
1044 2701 1135 2729 δώσεις·
1147 2700 1166 2727 εἴ
1176 2700 1199 2727 δὲ
1211 2700 1259 2735 μὲ,
1271 2701 1307 2734 ἐχ
1320 2700 1449 2734 {rigola-ev,

913 2739 950 2766 Οὖ
962 2741 1013 2776 7323
1027 2739 1210 2769 συνοικήσοντες
1220 2739 1311 2768 ἦν9οὲὸ“
1323 2741 1446 2773 ἧλ9ομεν.

874 2791 949 2822 Post
976 2792 1000 2822 εἷ
1020 2792 1072 2832 μέν
1099 2806 1127 2823 τι
1149 2792 1241 2827 δώσεις
1261 2791 1502 2833 intelligendum
1527 2800 1601 2825 esse,

873 2833 905 2866 εὖ
920 2835 992 2876 ἐ’χει,
1010 2835 1123 2877 cuique
1139 2842 1230 2876 patet,
1256 2846 1313 2865 nec
1330 2836 1361 2865 id
1384 2835 1495 2873 opium
1512 2834 1603 2873 igno-

869 2879 1004 2908 rabatur.
1028 2893 1069 2917 μη
1092 2881 1136 2919 ἐχ
1158 2878 1407 2909 contrahendum
1432 2876 1601 2917 pronunci-

869 2921 966 2954 ando:
994 2935 1062 2954 oum
1055 2923 1195 2956 miron-..-
1212 2923 1305 2953 habet
1323 2920 1443 2951 suidas.
