1856 3235
219 254 314 294 254
677 241 1234 291 PROLEGOMENA.

216 375 294 422 vel
333 373 539 488 op‘tcinquS
582 373 1028 423 Alexandrinorum
1069 374 1119 420 in
1166 370 1471 421 emendando
1503 377 1694 420 secutos

220 456 321 488 esse
357 455 403 487 vl
441 455 465 487 e
501 455 640 487 imus.

841 636 1084 685 XXXIX.

287 769 453 834 Atque
476 770 585 825 hoc,
624 767 861 831 quidquid
893 774 980 823 est,
1019 767 1165 830 longe
1204 765 1507 813 manifestius
1547 772 1704 814 osten-

224 835 336 883 dere
375 836 563 892 liceret,
599 834 689 881 nisi
728 833 1000 896 antiquiora
1034 831 1117 878 illa
1155 830 1472 878 meditamina
1512 831 1704 878 critices

218 917 370 964 prope
404 900 564 947 onmia
587 900 889 947 obscurasset
912 898 1168 960 insequens
1193 913 1365 952 aevum,
1394 897 1706 943 obscuratum

223 966 399 1013 deinde
425 975 475 1013 et
498 966 656 1028 ipsum
697 964 859 1011 multis
883 962 1048 1010 modis.
1119 962 1355 1009 Attamen
1400 969 1513 1008 ante
1552 960 1705 1008 Zeno-

224 1030 393 1077 dotum
418 1039 531 1078 octo
557 1030 758 1076 diversae
783 1029 1035 1091 scripturae
1067 1027 1302 1090 exempla,
1341 1026 1506 1073 Graeci
1543 1026 1707 1089 διορθώ-

222 1114 299 1148 σεις
323 1103 513 1151 vocant,
551 1093 834 1141 nominatim
875 1094 936 1140 ad
960 1109 1047 1139 nos
1071 1092 1254 1155 perlata
1279 1100 1405 1138 sunt.
1476 1091 1604 1138 Duae
1627 1091 1710 1137 ha-

223 1176 332 1207 rum
356 1161 589 1223 διοςῧώσεων
615 1159 810 1206 nomina
832 1167 1012 1221 gerunt
1036 1157 1460 1204 celeberrimorum
1478 1157 1706 1212 virorum,

221 1225 522 1280 Antimachi‚
562 1223 850 1286 Colophonii
874 1227 1048 1285 poetae,
1084 1229 1134 1269 et
1159 1221 1452 1277 Aristotelis,
1480 1220 1616 1283 cujus
1638 1221 1712 1267 in-

220 1290 420 1352 genium
443 1288 578 1336 ferax
601 1289 876 1336 beatissima
898 1304 1059 1334 rerum
1091 1287 1406 1333 maximarum
1442 1286 1582 1349 copia
1603 1285 1712 1332 nul-

219 1355 322 1402 lum
362 1355 693 1401 venustiorum
736 1353 987 1400 Musarum
1030 1369 1150 1416 opus
1191 1351 1560 1414 dedignabatur.
1644 1351 1711 1398 Et

220 1419 306 1467 has
330 1420 526 1483 quidem
550 1420 855 1467 recensiones
894 1425 1037 1482 putet
1060 1417 1229 1480 aliquis
1261 1433 1359 1480 prae
1400 1416 1588 1463 caeteris
1623 1432 1712 1464 nu-

223 1485 475 1532 merandas
500 1502 602 1532 esse
626 1485 675 1531 in
700 1485 772 1541 iis,
810 1501 919 1547 quae
943 1485 993 1530 in
1020 1482 1222 1531 Scholiis
1261 1482 1491 1529 dicuntur
1528 1483 1578 1528 αἱ
1607 1482 1706 1528 κατ’

224 1551 348 1614 ἄνδρα
367 1555 400 1597 ³.
470 1551 855 1614 Distinguuntur
879 1550 938 1596 ab
978 1549 1052 1595 his
1093 1550 1143 1594 αἱ
1177 1547 1404 1602 πολιτικαὶ,
1441 1563 1475 1593 S.
1512 1549 1564 1593 αἱ
1592 1545 1713 1594 κατ-οὶ

224 1615 374 1671 πόλεις,
410 1617 460 1662 αἱ
489 1617 534 1663 ἐκ
571 1616 734 1670 πόλεων,
770 1615 948 1678 ignotis
990 1613 1283 1661 auctoribus·
1352 1612 1532 1659 Earum
1573 1611 1707 1668 duas,

224 1681 359 1743 quasi
383 1680 655 1728 clarissimae
679 1680 833 1737 famae,
864 1679 965 1743 jam
990 1679 1175 1726 dudum
1201 1677 1481 1724 Eustathius
1505 1676 1567 1724 ad
1602 1677 1712 1724 Ilia-

227 1746 338 1793 dem
369 1762 466 1792 una
491 1762 601 1793 cum
627 1745 923 1793 Aristotelea
956 1744 1303 1798 nominaverat,
1343 1741 1712 1789 Massilioticam

225 1818 277 1858 et
301 1810 598 1874 Sinopicam3
637 1827 791 1874 nuper
828 1827 889 1858 ex
928 1809 1134 1873 Lipsicis
1173 1816 1223 1856 et
1262 1807 1467 1854 Venetis
1509 1806 1711 1854 Scholiis

226 1883 431 1940 quatuor
455 1876 560 1923 aliae
584 1884 916 1924 accesserunt:
955 1891 1157 1938 quarum
1202 1874 1255 1929 si,
1292 1880 1347 1919 ut
1385 1889 1588 1935 quaeque
1625 1889 1712 1920 nu-

225 1958 360 1989 mero
383 1941 601 2004 pluribus
624 1941 918 1989 lectionibus
942 1939 1173 1997 innotuit,
1212 1939 1280 1985 ita
1304 1938 1479 2000 cuique
1507 1937 1713 1985 honora-

225 2007 320 2054 tior
342 2006 479 2054 locus
507 2007 726 2063 debetur,
764 2006 976 2070 (nullum
1002 2014 1164 2052 autem
1187 2003 1407 2050 videmus
1432 2010 1618 2049 certum
1637 2020 1710 2050 01·-

227 2072 433 2133 dinem‚)
469 2073 536 2119 ita
573 2071 668 2119 illae
709 2071 990 2119 ordinandae
1040 2077 1167 2126 sunt,
1209 2069 1540 2124 M'assiliotica,
1580 2068 1712 2126 Clzia,

224 2138 427 2199 Argiva,
468 2138 701 2199 Sinopica,
742 2138 934 2199 Cypria,
977 2137 1172 2184 Cretica.
1258 2134 1334 2180 Ex
1375 2132 1709 2190 Massiliotica,

229 2219 372 2265 quam
407 2211 605 2266 propter
642 2202 879 2266 originem
916 2201 1058 2265 hujus
1100 2200 1308 2248 civitatis
1353 2198 1713 2262 quodammodo

228 2267 443 2315 Ionicam
468 2268 661 2324 dixeriS,
697 2268 935 2315 lectiones
960 2267 1021 2314 ad
1044 2266 1233 2330 viginti,
1273 2280 1334 2311 ex
1361 2264 1485 2311 Chia
1507 2263 1570 2311 ad
1594 2263 1711 2312 duo-

231 2333 406 2389 decim,
445 2342 495 2380 et
517 2334 584 2380 ita
608 2333 837 2396 deinceps
860 2333 1125 2396 pauciores,
1162 2348 1188 2378 e
1214 2330 1411 2378 Cretica
1434 2345 1495 2377 ex
1520 2329 1711 2377 Seleuci

225 2399 477 2445 notatione
501 2415 645 2444 unam
670 2398 962 2461 accepimus.

293 2463 536 2519 Quoniam
578 2480 692 2510 vero
717 2463 776 2510 de
801 2464 874 2510 his
905 2462 1266 2511 recensionibus
1291 2461 1512 2509 omnibus
1535 2467 1712 2524 praeter

229 2528 517 2576 Scholiastas
541 2528 646 2576 illos
675 2530 830 2576 omnis
871 2528 979 2576 silet
1016 2529 1290 2591 antiquitas,
1326 2543 1424 2573 non
1466 2525 1619 2573 solum
1659 2525 1712 2572 id

224 2595 467 2642 incertum
493 2602 579 2650 est,
618 2611 644 2641 a
668 2595 840 2657 quibus
865 2601 1061 2650 curatae,
1100 2602 1149 2641 et
1173 2601 1335 2640 utrum
1364 2590 1559 2655 publica
1599 2607 1711 2638 auc-

224 2660 423 2708 toritate
462 2675 522 2706 an
563 2668 736 2723 rogatu
775 2660 1074 2722 privatorum
1109 2657 1252 2706 factae
1290 2658 1400 2712 sint,
1438 2656 1523 2703 scd
1563 2656 1709 2703 etiam

228 2725 307 2773 cui
332 2725 428 2772 sint
450 2725 580 2772 aetati
606 2725 920 2788 assignandae.
991 2725 1087 2772 Sed
1122 2741 1200 2771 eas
1223 2723 1320 2770 huc
1358 2739 1386 2769 a
1420 2738 1498 2769 me
1539 2721 1706 2785 reponi

262 2877 281 2896 a
295 2867 439 2910 ‘Duobus
448 2872 570 2898 tantum
585 2867 633 2898 his
647 2867 722 2898 locis
739 2876 890 2898 uovorum
907 2867 1113 2904 scholiorum,
1130 2866 1173 2908 χ’.
1193 2869 1260 2897 108.
1277 2864 1325 2904 ψ’.
1344 2869 1392 2896 88.
1440 2863 1638 2896 Scholion-um
1652 2873 1709 2895 no-

222 2919 294 2941 men
310 2911 361 2942 hic
376 2917 407 2942 et
420 2910 493 2943 alibi
509 2910 689 2951 simpliciter
704 2910 806 2943 tribuo
823 2910 959 2942 Venetis.
