1856 3235
210 218 308 258 290
672 203 1234 260 PROLEGOMENA.

208 347 400 388 tantum
445 341 661 404 partibus
703 341 1059 390 Grammatices
1101 342 1285 404 aliquid
1330 344 1556 391 relictum
1597 355 1700 393 erat

209 406 512 463 Aristarcho,
557 407 641 454 sed
667 408 810 455 etiam
844 408 895 454 in
930 408 1181 455 levissimis
1208 409 1513 471 quibusdam,
1556 418 1612 457 ut
1651 412 1702 457 in

207 471 472 519 formarum
507 472 865 521 discriminibus
902 474 963 520 ad
1000 481 1182 526 certam
1217 474 1435 537 regulam
1476 491 1705 522 revocan-

211 537 285 585 dis
305 542 344 584 ²:
383 554 491 601 quae
522 555 671 602 quum
705 547 817 601 post
839 538 975 584 illum
1016 539 1084 584 ita
1107 540 1392 602 pervulgata
1425 540 1556 588 facta
1591 541 1703 597 sint,

208 610 264 650 ut
288 619 398 650 cum
424 604 529 667 ipso
569 604 747 652 Graeco
771 619 993 650 sermone
1018 611 1131 650 nata
1171 605 1443 661 videantur,
1471 622 1703 669 suppares

209 677 260 716 et
281 670 573 732 posteriores
595 674 754 733 poetae
779 676 1005 732 arguunt,
1033 669 1182 732 vulgo
1205 686 1304 716 non
1345 672 1600 718 observata
1623 688 1707 720 ne-

208 751 302 799 que
320 735 371 781 in
397 736 639 782 constanti
658 751 750 782 usu
767 734 929 781 fuisse.
1001 733 1080 782 Ac
1100 735 1301 782 fuerunt
1324 735 1438 793 olim
1462 737 1595 784 haud
1622 738 1710 785 du-

206 800 302 856 bie,
346 801 428 863 qui
464 808 710 863 putarent,
755 799 806 846 in
847 800 1006 863 prisco
1040 804 1185 863 poeta
1225 801 1447 848 anomala
1481 802 1704 865 quaedam

207 865 479 913 istiusmodi
504 865 706 913 ferenda
729 882 848 922 esse,
874 882 968 913 nec
992 866 1195 930 indigna
1224 867 1453 930 repetitu,
1492 884 1601 930 quae
1623 868 1707 916 ille

208 931 270 978 ad
293 939 538 994 praecepta
572 948 658 978 sua
680 931 837 995 rigide
865 939 1153 979 mutaverat.
1225 932 1323 980 Sed
1346 933 1597 980 obscurius
1632 941 1706 981 est

207 996 302 1044 hoc
345 1004 506 1086 totum
540 1013 696 1060 genus
730 1013 908 1054 rerum,
946 1014 1090 1062 quam
1114 1005 1171 1045 ut
1203 998 1298 1046 hoc
1331 997 1444 1046 loco
1477 998 1705 1047 illustrari

210 1069 356 1127 queat
403 1097 414 1108 .

250 1205 269 1223 a
291 1195 357 1224 Vix
383 1196 442 1225 hoc
468 1194 705 1234 suspicabamur
727 1200 836 1225 antea:
872 1205 958 1225 nunc
974 1205 1012 1225 ex
1036 1195 1150 1226 Scholl.
1173 1205 1240 1226 rem
1255 1196 1338 1226 clare
1360 1196 1576 1235 perspicimus.
1620 1195 1707 1227 Nam

207 1237 293 1278 quod
307 1247 462 1278 nusquam
479 1238 512 1268 in
530 1239 630 1268 Hom.
644 1238 737 1273 θέλω,
753 1238 903 1279 στεναχέω
918 1238 1061 1278 legimus,
1078 1249 1134 1278 pro
1150 1239 1253 1274 ἐθέλω,
1271 1241 1417 1280 στενάχω,
1435 1249 1592 1280 nusquam
1603 1239 1708 1278 ἥδυμος

207 1290 264 1320 pro
285 1279 402 1320 νήδυμος
429 1282 617 1322 (Hymnum
645 1281 680 1311 in
708 1282 807 1311 Merc.
835 1291 929 1311 nemo
962 1283 1109 1318 curabat3
1139 1292 1240 1322 neque
1263 1283 1396 1312 omnino
1428 1281 1514 1312 ullus
1545 1282 1710 1312 doctorum

210 1323 316 1363 Intpp.
334 1324 623 1354 Alexandrinorum
639 1323 699 1354 ista
715 1324 866 1355 Carmina
879 1324 1009 1364 ingenio
1026 1325 1161 1355 Homeri
1177 1325 1286 1355 tribuit
1297 1325 1321 1364 :)
1344 1324 1430 1365 quod
1444 1325 1601 1355 nonnulla
1614 1325 1709 1355 etiam

207 1373 320 1405 praeter
335 1367 436 1408 legem
455 1367 662 1406 proportionis
676 1367 884 1403 declinantur,
901 1374 937 1397 ut
951 1369 1090 1408 Κάλχαν,
1118 1368 1204 1403 Θόαν,
1231 1367 1427 1408 Πουλυδάμα,
1453 1369 1490 1398 α’.
1506 1371 1556 1399 86.
1571 1372 1610 1404 β’.
1627 1371 1653 1398 1.
1667 1374 1709 1409 μ’.

209 1413 281 1439 231.
299 1413 325 1440 ι’.
342 1414 413 1441 222.
428 1413 460 1454 ξ’.
476 1414 557 1445 688.,
573 1410 606 1440 id
617 1420 690 1441 cum
707 1410 864 1441 similibus
879 1410 986 1441 multis
1002 1411 1193 1441 Aristarchei
1204 1411 1314 1451 judicii
1331 1410 1508 1450 putandum
1524 1416 1579 1442 est.

252 1454 273 1482 b
298 1453 404 1483 Unam
421 1464 486 1483 rem
509 1453 643 1484 breviter
663 1453 825 1494 attingam,
845 1453 968 1484 formas
982 1460 1013 1484 et
1033 1460 1200 1493 potestates
1223 1455 1448 1493 pronominum
1469 1455 1509 1484 ab
1526 1453 1710 1484 Aristarcho

207 1496 382 1526 accuratius
396 1496 588 1527 constitutas.
633 1496 718 1526 Nam
732 1497 792 1527 hoc
807 1507 931 1537 quoque
952 1497 993 1527 ad
1008 1507 1082 1527 eum
1100 1497 1302 1528 referendum
1318 1503 1371 1532 est,
1394 1496 1479 1537 quod
1495 1498 1569 1537 σφδε
1584 1507 1604 1526 a
1620 1497 1705 1536 σφῦῗ,

209 1539 253 1569 3⁵13
273 1540 312 1568 ab
327 1539 353 1570 ἕο
368 1539 580 1580 distinguitur,
606 1539 691 1580 quod
713 1540 785 1580 σφίν,
802 1541 879 1579 σφὸς,
895 1540 1026 1581 σφέτερος
1049 1540 1211 1570 communi
1234 1551 1293 1570 usu
1309 1540 1348 1570 de
1371 1540 1513 1579 pluribus
1534 1545 1708 1578 usurpatur

207 1582 241 1611 in
255 1583 346 1612 tertia
360 1593 502 1622 persona,
527 1584 566 1616 {5⁵
590 1582 630 1613 de
651 1593 718 1613 uno
740 1588 798 1613 etc.
823 1583 871 1614 Cf.
897 1583 1013 1613 Scholl.
1038 1583 1079 1613 ad
1101 1585 1137 1614 ω’.
1154 1586 1225 1614 216.
1248 1586 1283 1613 κ’.
1299 1586 1370 1614 546.
1387 1585 1425 1614 λ’.
1442 1586 1511 1613 142.
1557 1582 1709 1622 Apollon.

212 1624 259 1654 11.
275 1635 304 1664 p.
321 1628 393 1657 159.
419 1629 488 1657 169.
504 1626 577 1655 alibi
599 1625 723 1664 passim.
769 1625 931 1655 Nimirum
946 1636 992 1661 ea,
1015 1636 1086 1666 quae
1112 1626 1177 1656 leni
1192 1626 1384 1656 correctione
1409 1626 1444 1655 in
1466 1625 1566 1665 po'etis
1590 1625 1707 1655 mutari

210 1674 360 1705 poterant,
377 1669 511 1698 mutavit
525 1668 601 1705 ille;
619 1678 690 1709 quae
712 1674 818 1698 autem
833 1668 888 1698 tali
911 1669 1093 1699 correctioni
1115 1670 1340 1709 repugnabant,
1363 1679 1420 1708 pro
1436 1668 1629 1707 interpolatis
1650 1669 1707 1698 ha-

208 1710 285 1745 buit,
302 1717 337 1740 ut
353 1713 389 1741 x'.
414 1715 477 1743 597
498 1729 540 1735 —
562 1715 636 1742 599.
653 1717 779 1751 propter
801 1710 881 1741 illud
895 1713 976 1751 μετὰ
992 1713 1092 1752 σφίσιν,
1117 1715 1197 1743 inter
1218 1723 1275 1743 vos.
1321 1712 1383 1742 Sed
1397 1712 1455 1742 hac
1478 1717 1627 1751 potestate
1643 1721 1714 1749 pro-

207 1753 346 1783 nominis
369 1754 464 1795 hujus
478 1754 616 1784 offensus
641 1764 706 1784 non
720 1754 844 1784 videtur
865 1755 1014 1793 Apollon.
1038 1755 1108 1790 Rh„
1132 1765 1230 1795 quum
1255 1754 1387 1785 eandem
1409 1754 1545 1785 formam
1568 1754 1707 1793 posuerit

208 1796 303 1826 etiam
320 1796 353 1827 in
373 1801 385 1828 1
405 1807 536 1837 persona
551 1797 591 1827 de
603 1796 745 1836 pluribus
762 1798 810 1827 II.
829 1800 919 1828 1277.
964 1798 1015 1828 Ita
1037 1797 1123 1837 lapsa
1144 1799 1202 1828 sub
1219 1798 1395 1829 Caesaribus
1417 1797 1559 1837 graecitas
1580 1807 1707 1828 accusa-

208 1839 287 1869 tivos
309 1843 384 1879 σφῖις
407 1841 512 1874 αὐτούς
535 1840 584 1870 vel
606 1840 640 1870 in
661 1850 753 1879 prosa
768 1839 808 1870 ad
828 1844 840 1870 1
867 1851 1031 1879 personam
1052 1841 1225 1876 revocavit;
1246 1851 1287 1871 ne
1310 1841 1388 1881 quid
1408 1841 1511 1871 dicam
1527 1840 1566 1870 de
1581 1846 1705 1870 vetusto

208 1888 334 1912 auctore
358 1884 534 1924 Argonaut.
558 1883 694 1922 Orphic„
718 1883 769 1914 cui
791 1885 856 1924 σφίν
876 1884 975 1914 ferme
996 1884 1095 1914 instar
1117 1890 1164 1914 est
1190 1884 1306 1914 Protei.
1320 1901 1363 1908 —
1381 1884 1519 1926 Σφέτερος
1541 1893 1634 1922 porro
1657 1889 1706 1913 est

207 1933 303 1957 vester
316 1925 349 1955 in
365 1927 500 1956 Prooem.
520 1927 608 1969 ''¹337·
634 1926 774 1961 Hesiod„
799 1926 884 1966 quod
899 1927 1086 1965 prooemium
1109 1932 1144 1957 ut
1159 1927 1269 1957 incerti
1294 1926 1332 1956 sit
1348 1927 1494 1962 auctoris,
1521 1931 1708 1956 vetustatem

208 1975 315 1999 tamen
330 1969 448 1999 redolet
461 1970 597 2001 minime
612 1969 828 2008 spernendam.
872 1970 995 2000 Verum
1011 1980 1081 2000 eam
1097 1970 1295 2000 insolentiam
1318 1980 1382 1999 non
1405 1971 1473 2000 sine
1488 1975 1563 1999 nota
1579 1969 1709 1999 dimise·

209 2019 284 2042 runt
298 2018 415 2042 veteres
430 2013 579 2053 magistri,
596 2012 635 2042 de
657 2013 811 2042 sententia
835 2011 1017 2048 Aristarchi,
1040 2013 1167 2052 opinor:
1188 2019 1220 2043 at
1234 2013 1349 2042 imitati
1371 2022 1443 2042 eam
1459 2018 1534 2042 sunt
1555 2011 1647 2050 poeta
1668 2012 1702 2042 in

208 2055 401 2085 Theocriteis
424 2056 545 2086 XXII.
566 2058 626 2089 67„
653 2055 799 2094 Apollon.
826 2055 887 2085 IV.
905 2059 1005 2091 1527„
1025 2056 1165 2091 Quintus
1189 2056 1313 2096 Smyrn.
1337 2060 1369 2085 et
1385 2055 1448 2085 alii.
1494 2054 1602 2092 Quid?
1622 2054 1707 2095 quod

208 2099 301 2138 po'eta
323 2098 356 2128 in
379 2098 514 2129 Theocr.
540 2098 649 2129 XXV.
675 2101 746 2129 165.
768 2098 852 2128 idem
875 2108 1048 2137 pronomen
1074 2099 1179 2138 posuit
1201 2109 1257 2138 pro
1283 2099 1356 2137 ἐμός.
1401 2097 1497 2134 Quod
1523 2097 1708 2136 exemplum

210 2152 310 2180 quum
325 2152 411 2171 nunc
426 2143 557 2172 unicum
573 2141 620 2178 sit,
636 2141 779 2171 certatim
794 2141 827 2171 id
850 2141 1005 2171 mirantur
1026 2141 1121 2179 docti,
1137 2141 1193 2172 etsi
1216 2142 1321 2172 minus
1336 2141 1479 2180 displicet.
1494 2140 1556 2171 illis
1577 2141 1708 2184 epia-5303

209 2184 249 2214 de
265 2194 330 2214 uno
345 2185 376 2214 in
395 2188 416 2214 5
431 2194 509 2223 pers.
524 2190 712 2223 usurpatum
734 2195 782 2223 ap.
806 2184 938 2215 Hesiod.
955 2184 1004 2215 Sc.
1021 2185 1066 2214 H.
1090 2189 1149 2219 90„
1174 2184 1349 2216 Pindarum
1371 2184 1518 2225 aliosque,
1541 2190 1634 2224 atque
1649 2184 1708 2213 ista

209 2228 377 2257 insolentia
393 2227 497 2258 forsan
520 2228 564 2258 sic
579 2227 707 2258 defendi
728 2227 832 2266 possit,
857 2234 900 2262 ut,
917 2227 1066 2267 quoniam
1089 2227 1222 2271 ἡμέτερος
1245 2229 1284 2258 ab
1298 2227 1418 2267 optimo
1439 2237 1564 2268 quoque
1578 2227 1707 2266 ponitur

210 2281 268 2309 pro
283 2272 356 2309 ἰμὸς,
380 2278 408 2300 et
427 2281 532 2301 rursus
547 2271 675 2313 σφέτερος
705 2281 760 2301 seu
783 2270 851 2309 σφές
868 2281 896 2309 p.
920 2271 1062 2312 ἡμέτερος,
1077 2278 1113 2300 ut
1128 2272 1166 2300 ab
1192 2271 1319 2309 Orpheo
1342 2277 1373 2300 et
1388 2270 1562 2310 Apollonio
1578 2270 1652 2306 Rh„
1667 2271 1708 2300 ab

209 2315 268 2343 hac
285 2313 429 2353 analogia
443 2324 623 2354 progressus
637 2313 777 2343 videatur
799 2313 884 2343 illins
908 2313 1065 2343 Carminis
1087 2319 1195 2344 auctor
1210 2313 1251 2343 ad
1272 2324 1365 2344 usum
1387 2323 1490 2348 suum,
1505 2312 1531 2343 si
1555 2312 1650 2343 modo
1672 2311 1706 2342 id

210 2356 282 2386 fecit
305 2356 433 2395 primus.
456 2375 500 2380 —
527 2356 693 2387 Simillime
720 2356 823 2386 Graeci
848 2363 1003 2386 torserunt
1029 2366 1201 2395 pronomen
1221 2360 1243 2387 5
1273 2367 1413 2396 personae
1437 2358 1517 2396 sing.
1543 2356 1591 2391 253,
1615 2361 1652 2385 ut
1672 2354 1707 2385 id

209 2409 334 2439 quoque
348 2399 381 2429 in
398 2409 508 2430 omnes
531 2409 679 2438 personas
701 2399 864 2439 utriusque
886 2400 1011 2429 numeri
1033 2399 1227 2430 adsciverint.
1271 2400 1324 2430 De
1348 2399 1448 2439 prima
1470 2397 1637 2439 singularis
1651 2407 1706 2427 ex-

209 2443 351 2481 emplum
368 2449 506 2481 superest
527 2444 560 2472 in
578 2442 688 2482 Odyss.
719 2445 745 2473 ν’.
767 2446 848 2476 520.,
878 2449 1020 2472 notatum
1043 2444 1081 2472 ab
1101 2443 1315 2478 Aristarcheis‚
1340 2449 1377 2473 ut
1399 2442 1544 2481 suspicor,
1569 2447 1650 2471 certe
1665 2442 1705 2471 ab

212 2486 360 2525 Apollon.
386 2486 476 2515 Alex.
502 2485 570 2516 ΙΙΙ.
593 2496 621 2524 p.
647 2489 716 2516 197.
762 2487 914 2515 Attamen
941 2486 1026 2515 hunc
1047 2496 1170 2526 quoque
1192 2497 1284 2517 usum
1308 2486 1341 2516 in
1356 2484 1527 2516 cultissima
1555 2483 1706 2514 Carmina

210 2539 267 2558 sua
282 2528 507 2559 transtulerunt
523 2528 671 2568 Apollon.
688 2529 749 2558 Rh.
774 2529 835 2558 IV.
861 2531 950 2558 1015.
965 2535 996 2558 et
1014 2529 1164 2559 Moschus
1188 2529 1248 2559 IV.
1266 2532 1315 2560 77.
1339 2528 1391 2558 De
1412 2526 1550 2558 secunda
1574 2536 1707 2566 persona

210 2571 379 2612 singularis
401 2581 486 2601 nunc
502 2581 603 2602 unum
627 2571 806 2610 exemplum
821 2572 938 2610 praebet
962 2571 1072 2612 Odyss.
1095 2577 1131 2602 α’.
1155 2575 1235 2607 402.,
1251 2571 1344 2606 aliud,
1369 2580 1470 2612 neque
1484 2569 1519 2600 id
1533 2569 1625 2609 plane
1640 2579 1708 2600 cer.

211 2622 292 2651 tum,
310 2614 440 2645 Hesiod.
462 2615 548 2658 '‘t-337.
571 2618 653 2648 581„
671 2615 725 2644 sed
748 2614 839 2653 plura
862 2615 1215 2654 Batrachomyomachia
1240 2621 1271 2645 et
1293 2614 1470 2654 posterioris
1491 2613 1591 2643 aetatis
1606 2612 1708 2652 Epici.

212 2657 378 2696 Excepisse
403 2664 506 2687 autem
535 2658 732 2688 Aristarchus
747 2657 869 2687 videtur
883 2658 1061 2688 anomalam
1085 2658 1219 2688 formam
1243 2659 1309 2693 ἑῆος,
1332 2667 1428 2698 quam
1443 2656 1520 2687 olim
1535 2655 1618 2686 male
1631 2666 1707 2686 con-

210 2701 383 2731 fundebam
399 2711 471 2731 cum
489 2702 555 2736 ἰῆος,
572 2701 708 2740 genitivo
723 2700 866 2740 adjectivi
882 2701 935 2735 ἐῢς,
951 2701 990 2730 de
1004 2711 1067 2741 quo
1084 2707 1187 2731 tamen
1204 2711 1244 2731 ne
1259 2710 1344 2730 nunc
1358 2699 1486 2740 quidem
1508 2699 1581 2730 satis
1603 2704 1705 2729 certus

211 2754 281 2773 sum
298 2744 468 2779 sententiae,
496 2743 664 2782 praesertim
691 2744 830 2782 inspecto
859 2744 1029 2781 Apollonio
1054 2744 1145 2774 Alex.
1170 2754 1198 2783 p.
1219 2747 1341 2774 157.—
1365 2743 1404 2773 In
1419 2746 1439 2773 5
1457 2752 1533 2782 pers.
1558 2741 1638 2781 plur.
1665 2741 1703 2775 ἑός

211 2787 326 2827 legitur
340 2787 436 2817 semel
448 2787 480 2816 in
496 2786 625 2817 Hesiod.
641 2788 727 2829 Ίςγ.
746 2789 804 2820 58.,
821 2787 868 2817 bis
889 2787 920 2816 in
940 2788 1144 2821 Batrachom.,
1161 2786 1274 2826 saepius
1288 2796 1336 2825 ap.
1355 2785 1592 2819 Alexandrinos,
1609 2784 1705 2814 etiam

211 2841 260 2869 ap.
287 2830 384 2860 Hom.
411 2830 506 2870 vulgo
532 2829 569 2859 ΙΙ.
592 2831 628 2860 λ’.
653 2832 711 2865 76.,
728 2828 782 2859 sed
805 2829 950 2869 equidem
975 2830 1010 2860 id
1036 2830 1153 2860 mutavi
1180 2830 1362 2860 constantim
1387 2839 1487 2860 causa.
1533 2828 1639 2868 Atque
1663 2826 1706 2856 ita

211 2873 303 2912 Epici
329 2872 460 2913 quidam
482 2872 515 2904 id
538 2882 709 2912 pronomen
732 2872 827 2902 etiam
852 2873 883 2902 in
904 2876 915 2903 1
935 2879 966 2903 et
982 2877 1001 2902 ‘2
1027 2883 1104 2913 pers.
1127 2873 1206 2913 plur.
1234 2877 1402 2903 traxerunt.
1445 2872 1521 2905 Jam
1543 2879 1616 2902 cum
1644 2869 1706 2901 illis

959 2938 979 2964 4
