1856 3235
206 224 299 264 232
696 214 1256 264 PROLEGOMENA.

203 353 364 410 partes
389 345 581 401 deveni,
620 362 866 409 nunquam
890 363 989 393 non
1013 347 1062 392 in
1086 346 1142 392 iis
1157 345 1270 392 talia
1294 343 1514 408 quaedam
1539 344 1679 399 sensi,

206 428 330 475 quae,
351 411 441 457 nisi
456 410 550 458 illae
575 419 672 458 tam
698 421 884 458 mature
905 429 1012 459 cum
1033 411 1220 458 caeteris
1241 410 1544 464 coaluissent,
1572 425 1686 471 quo-

202 477 277 525 vis
299 477 503 540 pignore
529 477 838 532 contendam,
884 477 1067 523 dudum
1092 476 1150 522 ab
1191 476 1391 533 eruditis
1417 474 1612 521 detecta
1635 481 1685 521 et

204 542 533 589 animadversa
554 541 718 597 fuisse,
744 542 893 587 immo
914 541 1065 588 multa
1089 540 1191 603 ejus
1208 541 1414 603 generis,
1440 548 1509 595 ut,
1536 555 1686 602 quum

204 623 336 655 nunc
353 608 683 671 ξΟμηξικεὲκτοιτοι
699 607 981 661 habeantur,
1000 607 1037 652 si
1052 606 1389 652 tantummodo
1404 606 1453 652 in
1476 604 1686 668 Hymnis

203 673 498 737 legerentur,
541 673 643 735 ipsa
684 671 784 718 sola
807 688 888 718 eos
924 670 1274 734 suspicionibus
1315 672 1472 723 νοθείας
1496 669 1688 733 adsper-

205 755 313 786 sura
336 746 510 785 essent.
581 737 675 784 Sed
715 737 846 784 hunc
887 752 1078 783 sensum
1103 751 1264 783 meum
1304 735 1486 782 nemini
1509 752 1596 798 pro
1618 752 1689 782 ra-

203 805 337 852 tione
371 802 648 858 venditabo,
687 802 798 849 satis
837 802 971 863 gravi
1013 818 1166 864 nuper
1207 799 1430 863 exemplo
1471 801 1689 847 edoctus.

208 870 369 926 Quem
394 868 520 915 enim
547 867 800 930 Hymnum
824 867 1039 930 plerique
1063 883 1162 930 prae
1184 865 1352 913 laetitia
1375 865 1491 912 novi
1526 866 1691 929 ἑξμαίου

206 943 307 982 tam
332 933 534 981 similem
574 932 793 980 Homero
817 949 960 995 quam
1001 949 1093 979 ovo
1117 948 1262 979 ovum
1302 932 1554 995 putabant,
1581 947 1691 977 eum

210 999 291 1047 alii
314 1000 569 1062 indignum
597 1006 722 1054 vate,
749 1006 800 1045 at
821 998 1205 1060 antiquissimum
1229 1005 1277 1044 et
1306 995 1588 1044 Homeridae
1611 995 1692 1042 ali-

209 1066 346 1128 cujus
369 1063 539 1119 fetum,
563 1063 930 1111 Pindemontius
949 1063 1079 1110 haud
1093 1063 1303 1126 priorem
1323 1061 1686 1117 Alexandrinis,

212 1129 413 1193 Ignarra
436 1137 695 1176 centonem
732 1128 1111 1175 Moscoviticum
1146 1129 1367 1183 vocabat,
1405 1144 1431 1174 e
1458 1126 1696 1174 Pausania

213 1203 262 1242 et
286 1194 480 1241 aliunde
507 1194 707 1241 corrasis
731 1194 940 1256 antiquis
965 1194 1181 1240 versibus
1222 1193 1385 1239 infima
1408 1199 1552 1239 aetate
1577 1208 1690 1238 con-

209 1259 520 1323 glutinatum.
607 1259 932 1306 Ruhnkenius
978 1258 1192 1321 quidem,
1230 1257 1412 1320 optima
1453 1256 1695 1309 sententia

211 1325 355 1381 dicta,
398 1341 488 1380 res,
533 1324 704 1387 inquit,
751 1341 779 1370 a
817 1323 982 1387 peritis
1025 1323 1190 1370 sentiri
1224 1330 1400 1386 potest,
1442 1322 1691 1385 imperitis,

211 1391 327 1454 quid
351 1390 424 1446 sit,
453 1390 684 1453 explicari
708 1406 806 1436 non
829 1396 1006 1453 potest.
1076 1388 1148 1435 At
1171 1388 1266 1436 hoc
1290 1397 1551 1451 utrumque
1574 1386 1695 1434 mul-

211 1464 263 1503 to
288 1455 528 1503 difficilius
553 1463 626 1502 est
649 1455 699 1501 in
723 1455 778 1502 iis
805 1455 1122 1510 Carminibus,
1165 1471 1272 1517 quae
1296 1454 1438 1501 unius
1476 1452 1555 1500 vel
1579 1453 1696 1499 duo-

210 1538 317 1568 rum
343 1520 626 1568 saeculorum
651 1521 804 1583 spatio
824 1520 1077 1584 disjuncta,
1098 1519 1319 1582 aequabili
1344 1519 1393 1566 in
1418 1519 1697 1566 universum

212 1595 263 1634 et
281 1587 466 1634 caeteris
485 1586 724 1633 simillima
741 1585 866 1632 facie
889 1585 1081 1632 fallunt.
1153 1585 1347 1648 Quippe
1366 1585 1412 1632 in
1437 1584 1700 1630 universum

213 1652 344 1700 idem
369 1668 514 1699 sonus
534 1659 607 1698 est
630 1652 851 1699 omnibus
875 1651 1021 1706 libris,
1048 1650 1178 1697 idem
1212 1650 1402 1697 habitus
1438 1649 1697 1696 sententia-

213 1734 336 1774 rum,
376 1717 619 1772 orationis,
645 1732 971 1763 numerorum.
1043 1716 1205 1772 Quare
1246 1731 1445 1763 necesse
1486 1714 1577 1762 erit
1617 1731 1698 1761 ex-

215 1783 427 1830 cutiatur
452 1781 710 1844 aliquando
750 1781 1120 1836 accuratissime,
1155 1780 1272 1844 quid
1294 1780 1376 1827 illa
1399 1788 1615 1828 extrema
1632 1779 1699 1826 le-

215 1856 414 1912 gentem
438 1864 591 1894 unum
616 1864 676 1894 ex
699 1847 862 1894 multis
886 1847 979 1894 isto
1004 1863 1147 1894 sensu
1171 1846 1413 1902 imbuerit,
1442 1861 1549 1908 quae
1573 1845 1697 1892 inso-

214 1914 366 1962 lentia
401 1913 461 1960 sit
484 1913 533 1959 in
568 1912 815 1960 vocabulis
840 1920 890 1960 et
924 1912 1266 1967 locutionibus,
1294 1920 1343 1959 et
1367 1911 1533 1974 qualis,
1561 1913 1697 1974 (nam

214 1979 317 2043 ipsa
342 1979 400 2026 Il.
439 1978 512 2026 A‘.
549 1979 771 2041 quaedam
796 1978 943 2025 habet
965 1979 1086 2032 ἅπαξ
1122 1977 1364 2040 nymnos)
1390 1976 1508 2040 quid
1542 1975 1697 2022 diver-

216 2061 322 2092 sum
347 2052 395 2092 et
420 2044 619 2108 disparis
644 2043 815 2091 coloris
854 2044 904 2089 in
929 2040 1181 2091 sententiis
1222 2050 1272 2090 et
1312 2041 1696 2090 conformatione

217 2126 398 2166 earum,
442 2127 549 2173 quae
588 2109 792 2173 vestigia
829 2108 1013 2156 lateant
1037 2108 1206 2156 alienae
1245 2107 1527 2155 imitationis
1551 2106 1602 2153 in
1624 2106 1696 2163 iis,

217 2192 325 2239 quae
350 2192 574 2240 expressa
597 2183 710 2222 sunt
733 2191 794 2223 ex
823 2174 1055 2230 Homero,
1096 2174 1180 2221 ubi
1204 2173 1340 2221 nervi
1378 2172 1606 2220 deficiant
1641 2188 1699 2219 ac

217 2242 410 2304 spiritus
448 2241 754 2297 Homericus,
782 2240 899 2303 quid
935 2240 1159 2303 jejunum
1195 2247 1244 2287 et
1279 2238 1510 2303 frigidum
1548 2237 1609 2285 sit
1648 2236 1700 2283 in

217 2305 336 2354 locis
359 2306 539 2362 multis,
566 2315 622 2353 ut
646 2306 704 2353 11.
735 2306 792 2364 φ’.
831 2313 939 2356 273.
977 2323 1073 2368 sqq.
1109 2313 1158 2352 et
1180 2305 1229 2351 in
1255 2320 1431 2368 magna
1463 2310 1600 2367 parte
1636 2320 1700 2349 τε·

217 2374 466 2435 ςατολογίας
488 2371 628 2435 hujus
647 2371 769 2427 libri,
791 2380 845 2418 ut
863 2371 913 2418 in
931 2372 1152 2434 proximo
1175 2369 1243 2417 X‘.
1271 2370 1352 2417 ubi
1376 2378 1538 2417 tamen
1562 2366 1700 2432 plura

216 2437 392 2494 nitent,
432 2438 524 2501 (ita
559 2438 720 2484 nitent
760 2437 905 2484 etiam
945 2436 1097 2484 multa
1147 2436 1197 2482 in
1235 2434 1523 2498 Theogonia
1564 2441 1614 2481 et
1648 2435 1699 2479 in

219 2502 370 2550 Scuto
388 2503 583 2562 Herc.,)
611 2510 664 2549 ut
688 2502 759 2562 ψ’.
788 2511 862 2549 88.
889 2520 1002 2566 sqq„
1023 2511 1079 2549 ut
1093 2501 1150 2548 ω’.
1178 2510 1286 2552 247.
1314 2517 1414 2563 sqq.
1442 2507 1550 2546 602.
1579 2515 1698 2562 sqq.,

218 2576 275 2616 ut
299 2567 473 2633 Odyss.
509 2568 579 2628 ψ’.
609 2577 717 2615 310.
753 2585 865 2632 sqq„
892 2577 946 2615 ut
969 2567 1024 2615 ω’.
1053 2576 1130 2614 24.
1156 2584 1252 2630 sqq.
1321 2567 1400 2613 De
1424 2564 1496 2612 his
1521 2572 1571 2612 et
1594 2564 1697 2611 aliis

217 2633 434 2697 pluribus
470 2634 812 2698 disputandum
852 2634 943 2681 erit
979 2633 1091 2680 alias
1133 2631 1410 2696 singulatim
1457 2638 1506 2678 et
1545 2630 1703 2677 inten-

216 2699 400 2747 tissima
423 2717 553 2756 cura,
581 2716 675 2762 qua
698 2716 772 2747 res
796 2707 932 2746 tanta
956 2699 1103 2762 digna
1138 2706 1225 2746 est.
1296 2697 1441 2744 Nunc
1465 2695 1572 2743 haec
1597 2696 1706 2744 sub-

217 2773 410 2814 notasse
450 2765 562 2813 satis
585 2765 755 2821 habeo,
794 2765 913 2812 nihil
955 2781 1141 2820 curans,
1181 2770 1414 2827 quantum
1450 2761 1565 2811 inde
1605 2776 1704 2809 mo-

216 2831 371 2880 menti
395 2831 457 2880 ad
481 2831 726 2896 superiora
744 2838 1031 2896 argumenta
1054 2828 1325 2879 accesserit.
