1856 3235
593 219 1149 270 PROLEGOMENA.
1548 232 1609 272 23
1621 233 1633 270 l

164 353 231 414 ψ’.
267 358 377 404 297.
467 350 750 413 Eademque
792 350 1032 398 dubitatio
1067 351 1249 414 injecta
1291 361 1364 401 est
1399 355 1543 402 etiam
1585 355 1646 404 de

164 419 343 467 Iliados
368 415 445 463 ΩΧ.
464 431 479 448 ²
550 416 785 463 Neutrius
809 416 1006 480 quidem
1047 417 1363 465 dubitationis
1410 437 1567 468 causae
1590 423 1641 468 in

158 492 380 533 neutram
418 488 605 544 partem
657 481 817 529 adhuc
863 499 891 529 a
936 499 1180 546 quoquam
1220 483 1476 547 explicatae
1516 495 1644 543 sunt,

159 550 350 597 illorum
372 554 535 594 autem
575 555 796 594 veterum
838 548 1190 612 disputationes
1230 566 1401 612 parum
1437 551 1648 599 fideliter

161 615 300 663 nobis
322 612 537 660 traditae:
574 628 686 659 nam
711 629 793 661 eos
827 613 1069 662 historicis
1091 615 1358 662 rationibus
1383 624 1433 663 et
1451 618 1650 681 antiqua

160 681 287 729 fama
305 679 367 726 ad
386 678 765 726 confirmandam
784 695 887 727 rem
901 696 1011 727 usos
1028 696 1131 727 esse
1147 681 1545 729 verisimillimum
1556 691 1644 731 est:

156 753 321 793 tamen
345 744 528 808 aliquid
552 744 739 792 dictum
764 753 838 793 est
860 746 919 793 ab
942 746 1016 803 iis,
1041 747 1123 809 qui
1148 746 1476 795 dubitationes
1522 756 1646 795 attu-

155 810 333 867 lerunt,
349 810 468 857 nihil
483 811 542 857 ab
567 810 656 866 his,
683 810 765 874 qui
784 827 864 858 eas
888 811 1131 859 discutere
1150 812 1393 861 volebant.
1448 813 1646 862 Etenim

151 876 222 924 illi
245 876 476 924 inusitata
502 875 725 923 Homero
749 884 800 924 et
838 877 1038 939 ingenio
1063 876 1165 940 ejus
1201 878 1404 942 indigna
1426 878 1566 942 plura
1589 895 1642 927 se

153 943 204 990 in
227 942 302 990 his
327 942 517 989 duobus
551 941 683 989 libris
708 941 1083 1006 deprehendisse
1123 943 1438 1000 affirmabant,
1477 944 1527 992 hi
1570 944 1647 993 vel

155 1008 495 1072 antiquitatem
569 1023 736 1055 eorum
796 1016 847 1056 et
907 1008 1324 1072 pulchritudinem
1374 1011 1646 1073 probabant

152 1073 347 1139 Virgilii
393 1082 444 1122 et
487 1073 746 1137 aequalium
800 1073 1090 1138 scriptorum
1126 1076 1431 1132 auctoritate,
1484 1077 1644 1140 (quasi

148 1156 249 1188 non
284 1140 432 1204 longe
469 1139 779 1203 antiquioreS‚
818 1139 959 1188 Plato
1001 1149 1050 1188 et
1086 1141 1393 1198 Aristoteles,
1437 1158 1520 1190 eos
1554 1158 1643 1205 pro

154 1205 434 1254 Homericis
463 1205 762 1266 laudarent,)
802 1205 881 1253 vel
921 1207 1263 1254 necessitatem
1304 1207 1366 1254 ad
1397 1207 1644 1271 justorum

154 1288 356 1336 operum
378 1271 583 1319 formam
609 1280 660 1318 et
699 1288 974 1320 mensuram
1015 1272 1326 1336 implendam.
1399 1273 1547 1329 Quod
1572 1290 1643 1321 ar-

148 1345 438 1402 gumentum
455 1337 595 1400 quale
611 1337 687 1392 sit,
707 1336 852 1385 facile
876 1346 1090 1401 apparet,
1107 1339 1358 1402 pudetque
1382 1355 1486 1395 nos,
1518 1339 1643 1387 illud

149 1402 386 1452 refellere.
458 1403 532 1451 Eo
556 1403 686 1450 enim
710 1403 829 1450 nihil
864 1403 996 1451 aliud
1020 1404 1215 1460 docent,
1261 1405 1351 1451 nisi
1376 1405 1507 1468 quod
1548 1405 1640 1469 ipsi

149 1469 304 1534 parati
329 1476 492 1517 essent
513 1469 620 1517 haec
646 1469 1004 1532 complementa
1029 1470 1224 1526 addere,
1252 1471 1292 1517 si
1316 1470 1533 1517 nondum
1560 1487 1641 1518 ex-

150 1542 357 1583 starent:
407 1534 497 1582 etsi
536 1534 597 1582 de
641 1533 794 1582 Iliade
839 1551 937 1582 non
980 1535 1316 1583 demonstrant
1352 1553 1414 1584 ex
1460 1536 1640 1600 regulis

147 1601 258 1657 suis,
309 1617 395 1648 cur
432 1617 489 1648 ea
524 1600 826 1664 potissimum
865 1601 916 1647 in
954 1601 1270 1648 tumultuaria
1311 1602 1642 1666 descriptione

148 1666 388 1715 Hectorei
411 1665 594 1713 funeris
619 1666 924 1714 terminetur.
995 1667 1123 1714 Nam
1157 1667 1218 1714 de
1243 1666 1480 1731 Odyssea,
1507 1668 1639 1732 quod

144 1732 332 1789 volunt,
374 1731 517 1796 plane
542 1731 775 1779 efficiunt.
846 1731 906 1778 In
930 1732 1022 1780 hac
1048 1748 1162 1780 suus
1203 1749 1446 1797 quemque
1469 1750 1638 1781 sensus

147 1798 308 1854 docet,
335 1798 374 1845 si
398 1806 617 1845 extrema
652 1796 734 1844 illa
758 1797 999 1854 deessent,
1039 1798 1272 1846 sollicitos
1312 1815 1401 1847 nos
1425 1800 1638 1848 abituros

145 1881 249 1913 esse
275 1864 336 1912 de
360 1863 555 1928 Ulysse,
578 1871 823 1911 tantarum
839 1863 1180 1912 difficultatum
1194 1864 1397 1922 victore,
1424 1865 1639 1929 quando-

146 1930 343 1994 quidem
368 1930 412 1978 ei
451 1937 556 1977 tum
596 1930 807 1977 maxime
846 1937 1174 1978 metueremus
1213 1947 1240 1978 a
1263 1932 1547 1994 parentibus
1588 1939 1638 1980 et

147 1996 367 2060 cognatis
384 2011 618 2043 caesorum
640 2003 728 2041 108
754 1995 989 2043 nobilium
1005 1995 1261 2060 juvenum,
1287 1997 1378 2044 nisi
1402 1998 1638 2046 amnestia

148 2068 198 2109 et
220 2077 315 2124 pax
338 2061 477 2109 fieret
500 2061 702 2109 deorum
726 2061 1008 2109 interventu
1033 2070 1083 2110 et
1107 2063 1266 2110 subita
1286 2065 1469 2126 μηχανῇ.

213 2126 348 2183 Quid
371 2143 503 2191 ergo,
530 2127 567 2174 si
592 2143 696 2174 eam
721 2127 872 2191 ipsam
891 2136 1079 2191 partem
1105 2145 1216 2176 cum
1241 2126 1344 2175 aliis
1368 2128 1631 2186 nonnullis,

146 2192 320 2257 quibus
335 2191 469 2256 justa
509 2193 796 2256 compositio
821 2193 1060 2242 Carminis
1101 2210 1265 2242 carere
1304 2195 1490 2259 nequit,
1530 2195 1635 2243 Ho-

146 2258 267 2305 meri
283 2274 379 2305 non
397 2275 515 2315 esse,
537 2259 688 2307 sedab
705 2258 866 2322 aliquo
880 2259 1136 2324 ingenioso
1154 2260 1395 2325 rhapsodo
1413 2261 1634 2325 proxime

146 2324 444 2387 insequentis
479 2325 569 2371 aevi
608 2326 913 2389 compositas,
961 2327 1200 2383 omnibus,
1239 2343 1349 2390 quae
1388 2327 1438 2374 in
1479 2327 1635 2375 hocce

142 2406 299 2454 genus
322 2406 483 2437 rerum
509 2390 706 2447 cadunt,
732 2393 1030 2455 argumentis
1050 2392 1214 2441 doceri
1238 2398 1431 2457 potest?
1483 2393 1631 2450 Quid,

142 2456 181 2503 si
221 2455 349 2504 idem
387 2463 550 2521 potest
595 2456 656 2504 de
702 2456 779 2504 VI
812 2458 1068 2521 postremis
1114 2459 1383 2523 rhapsodiis
1425 2458 1633 2507 Iliados?

144 2520 384 2586 Equidem
410 2529 542 2570 certe
568 2522 757 2586 quoties
780 2522 832 2570 in
871 2524 1144 2572 continenti
1168 2524 1382 2573 lectione
1419 2525 1480 2573 ad
1517 2525 1632 2573 istas

183 2662 202 2682 a
224 2652 275 2683 De
292 2653 431 2694 Odyssea
445 2653 514 2684 vide
532 2653 634 2684 Schol.
651 2653 690 2684 ad
705 2664 736 2684 v.
749 2664 775 2684 c,
790 2660 821 2685 et
836 2654 979 2685 Eustath.
995 2666 1023 2695 p.
1044 2659 1133 2688 1948.
1150 2659 1200 2687 47.
1222 2656 1402 2698 ibidemque
1418 2656 1545 2690 Clarkii,
1563 2656 1629 2687 Da„

142 2695 232 2725 ceriae
246 2702 278 2726 et
293 2696 385 2736 Popii
401 2697 496 2732 Nott„
513 2697 566 2727 ubi
586 2699 610 2727 A
617 2697 784 2727 ristarchea
799 2699 952 2728 sententia
966 2704 997 2729 et
1012 2699 1083 2729 novi
1100 2699 1259 2740 adjutores
1275 2700 1342 2741 ejus
1357 2700 1550 2734 refelluntur,
1570 2700 1630 2729 Ca·

143 2740 298 2769 saubonus
313 2746 344 2770 et
361 2739 518 2779 Rapinus:
545 2739 583 2770 de
596 2740 697 2771 Iliade
707 2740 809 2771 Jensii
826 2740 917 2772 obss.
928 2741 969 2772 de
983 2742 1053 2772 stilo
1066 2742 1162 2773 Hom.
1178 2753 1207 2783 p.
1218 2747 1289 2775 290.
1305 2750 1337 2773 et
1353 2744 1474 2773 Dawes-
1492 2741 1627 2773 Miscell.

143 2782 207 2812 crit.
223 2792 252 2821 p.
274 2786 342 2813 152.
358 2793 421 2823 sqq.
440 2790 608 2824 contraque
630 2785 686 2813 hos
708 2784 785 2814 Ern.
807 2783 847 2814 ad
868 2784 907 2815 ω’.
933 2788 958 2815 1.
1004 2785 1194 2826 Quanquam
1218 2787 1384 2817 Dawesius
1399 2786 1518 2825 primus
1534 2784 1631 2815 etiam

148 2825 182 2854 ll.
202 2825 248 2855 τ’.
264 2831 360 2855 totam
374 2826 421 2856 vel
445 2836 592 2867 magnam
617 2827 684 2866 ejus
699 2833 819 2866 partem
847 2828 990 2858 Homero
1005 2828 1169 2870 indignam
1183 2829 1385 2870 judicaverat.
1434 2828 1473 2858 In
1491 2827 1632 2867 Odyssea

138 2874 285 2906 praeterea
299 2868 389 2899 codd.
406 2868 523 2910 aliquot
537 2869 691 2900 indicium
707 2870 822 2901 habent
836 2871 921 2901 illius
928 2871 1120 2912 suspicionis.
1135 2879 1170 2903 ut
1184 2872 1371 2904 Clarkianus
1386 2871 1474 2902 aTh.
1487 2870 1631 2902 Bentleio

143 2910 280 2947 collatus,
297 2918 327 2943 et
342 2911 405 2944 dno
421 2912 579 2945 Vindobb.
597 2912 635 2944 V.
651 2919 681 2944 et
698 2913 904 2946 CXXXIII.
