1856 3235
640 191 953 239 ὉΜΗΡΟΥ
999 191 1168 239 ΒΙΟΣ.
1546 200 1642 241 403

142 329 308 377 λ6τατα
335 323 554 388 διηγεμένῳ
576 321 779 369 ἐπεισόδιοί
802 342 894 369 τινα
931 323 985 371 έςι
1026 322 1192 382 γέλωτα
1229 327 1404 370 κινὲντα.
1480 323 1566 371 Διὸ
1601 327 1636 373 ἐν

144 399 196 459 τῇ
220 394 370 441 Ἰλιάδι
396 392 418 437 o‘
437 389 508 454 μὲν
524 389 740 447 ”Ηφαιςος
761 388 957 448 χωλεύων,
983 389 1190 450 εἰςάγεται
1215 390 1394 450 οἰνοχοῶν
1411 395 1494 443 τοῖς
1510 393 1631 444 θεοῖς·

138 452 346 524 ”Ασβεςος
368 457 446 504 δ”
425 457 477 520 οὶρ
500 457 632 518 ἐνῶρτο
656 454 787 515 γέλως
807 472 1040 517 μακαρεσσι
1063 456 1221 501 θεοῖσιν.
1289 458 1351 501 Ὁ
1375 455 1414 503 δὲ
1440 457 1636 520 Θερσίτης

140 546 198 588 τω
222 545 265 572 τε
287 526 448 586 σώματι
472 525 670 604 002'69615053
703 518 779 567 καὶ
801 540 869 574 την
907 519 1051 580 ψυχην
1073 521 1254 576 noa-mog,
1292 522 1336 567 ἐκ
1359 526 1412 568 τῦ
1434 523 1634 587 θορυβεῖν,

142 591 217 638 καὶ
237 592 488 648 κακολογεῖν,
522 607 596 633 και
622 588 773 647 αὐχεῖν,
810 587 869 646 6Q'
898 585 953 639 οἷς
975 585 1227 649 τυπτόμενος
1267 585 1349 633 ὑπο
1384 591 1436 633 τέ
1474 588 1634 636 Ὀδυσ-

141 657 245 711 σέως,
280 656 442 706 πάντας
464 657 592 717 γελᾷν
616 670 908 716 παρεσκευασε·
946 653 1011 698 Οἱ
1032 651 1070 699 δὲ
1094 652 1170 698 καὶ
1194 652 1418 715 ἀχνὺμενοί
1443 671 1527 717 περ,
1567 655 1630 701 ἐπ’

141 724 253 783 αὐτῷ
274 719 346 774 ηδτ)
370 719 592 779 γέλασσαν.
660 717 733 764 Ἐν
757 717 797 764 δὲ
821 721 872 781 τῇ
894 717 1126 765 Ὀδυσσεία
1160 718 1180 764 ὁ
1201 737 1319 782 παρα
1355 724 1438 772 τοῖς
1477 719 1635 772 ἡδυπα-

139 791 222 834 θέσι
247 785 410 839 Φαίαξι
446 784 731 848 Δημοδόκος
720 783 808 830 εἴδει
833 783 901 837 τὴν
920 785 1069 847 ”Αρεος
1090 804 1164 830 και
1188 784 1440 848 Ἀφροδίτης
1479 792 1634 847 μοιχεῖ-

139 872 198 908 αν,
232 871 306 898 και
331 850 438 904 ὅπως
460 850 699 934 ἐμπεσόντες
722 851 774 902 εἰς
796 847 854 895 τοὶ
894 854 946 896 τέ
974 850 1174 931 HQoetsg
1213 849 1361 912 δεσμοὶ,
1396 852 1641 933 κατάφωροί

133 937 176 966 τε
200 917 387 977 ἐγένοντο,
411 936 485 963 και
510 917 676 976 γέλωτα
699 916 902 979 παρέσχον
926 920 1009 967 τοῖς
1047 915 1192 969 οἵλλοις
1232 918 1353 972 θεοῖς,
1390 935 1424 962 οι
1461 936 1535 963 και
1574 918 1636 964 ’έσ-

131 984 285 1043 κωψαν
307 982 523 1047 χαριέντως
545 1001 642 1046 προς
665 982 860 1036 ἀλληλεςς·
899 981 1025 1028 Καὶ
1010 980 1127 1045 παροὶ
1150 987 1232 1035 τοῖς
1263 982 1436 1036 ἀσώτοις
1470 987 1634 1048 μνηςῆρ-

135 1068 192 1097 σιν
218 1050 425 1110 εἱςάγεται
462 1048 483 1094 ὁ
505 1048 672 1109 πτωχός
699 1047 820 1111 Ἰρος,
856 1066 914 1110 τω
957 1049 1229 1111 γενναιοτάτω
1267 1046 1473 1095 Ὀδυσσεῖ
1506 1050 1635 1113 ἐριζων

131 1118 185 1170 εἰς
222 1117 371 1171 πάλην,
406 1114 481 1161 καὶ
521 1117 555 1162 ἐν
595 1118 653 1177 τῷ
691 1113 791 1178 ἐ’ργω
815 1113 1048 1177 φαινόμενος
1070 1114 1379 1174 καταγέλαςος.
1451 1116 1636 1163 Καθόλε

132 1180 216 1266 γὰρ
234 1181 369 1228 οἰκεῖόν
393 1182 447 1231 ὲςι
471 1184 522 1245 τῇ
545 1185 597 1227 τέ
621 1180 802 1244 ἄνθρωπε
826 1180 954 1238 φύσει,
989 1179 1048 1243 μὴ
1065 1180 1181 1243 μόνον
1206 1180 1492 1236 ἐπιτείνεσθαι,
1517 1180 1636 1229 ἀλλοὶ

132 1248 208 1294 καὶ
231 1247 480 1303 ἀνίεσθαι,’
470 1247 534 1293 ι’να
556 1267 630 1293 και
655 1247 798 1310 διαρκη
822 1264 918 1309 προς
940 1265 1012 1299 τες
1036 1247 1071 1293 ἐν
1094 1249 1151 1308 τῷ
1176 1247 1244 1310 ζῆν
1267 1246 1400 1300 πόνες·
1446 1248 1635 1303 Τοιαυτη

133 1314 206 1377 μὲν
228 1334 302 1360 και
326 1315 349 1368 ἦ
372 1313 563 1394 θυμηδία
587 1312 704 1377 παροὶ
729 1315 787 1374 τῷ
811 1315 959 1376 ποιητῇ
983 1312 1219 1376 εὑρίσκεται.
1289 1314 1344 1360 Εἰ
1384 1312 1423 1360 δὲ
1464 1314 1505 1359 οἱ
1538 1315 1631 1377 μετ’

136 1379 260 1426 αὐτον
284 1376 572 1440 εἰςαγαγόντες
595 1378 663 1433 τὴν
687 1362 917 1442 κωμῳδίαν,
952 1378 1093 1438 λόγοις
1116 1379 1297 1442 αἰσχροῖς
1319 1398 1393 1425 και
1418 1397 1634 1426 αποκεκα-

131 1446 352 1509 λυμμένοις
375 1446 428 1498 εἷς
450 1463 708 1509 παρασκευην
732 1444 910 1505 γέλωτος
945 1445 1177 1508 ἐχρήσαντο,
1203 1446 1256 1491 ἐκ
1279 1445 1329 1490 α“ν
1353 1450 1492 1493 εἴποιεν
1517 1445 1636 1509 οἵμει-

132 1511 190 1558 νόν
212 1531 252 1558 τι
277 1511 485 1575 εὑρηκέναι.
557 1511 646 1558 Και
669 1510 753 1574 γοὶρ
791 1515 866 1557 τῶν
903 1512 1090 1574 ἐρωτικῶν
1136 1511 1352 1557 διαθέσεων
1391 1531 1465 1558 και
1502 1511 1635 1572 λόγων

128 1578 319 1641 ”Ομηρος
341 1577 412 1640 μὲν
437 1579 665 1659 ἐγκρατως,
678 1578 923 1640 ἐπεμνησθη,
959 1577 1084 1658 ω’ςπερ
1108 1576 1129 1622 ὁ
1154 1576 1256 1629 Ζεύς
1279 1589 1405 1660 φησιν·
1443 1579 1514 1624 Οὐ
1547 1598 1634 1642 γαο

131 1645 298 1691 πωποτέ
334 1644 380 1706 μ’
409 1641 482 1690 ὦδε
519 1643 665 1696 θεας”
647 1662 738 1707 ερος,
775 1642 841 1689 ἑδὲ
866 1641 1073 1703 γυναικὸς,
1112 1641 1294 1705 Θυμον’
1283 1661 1332 1689 ενι
1371 1644 1523 1697 ςηθεσσι
1563 1662 1635 1690 πε-

130 1708 377 1773 ριπροχυθεις
401 1710 622 1772 έδαμασσε·
660 1708 748 1756 Και
771 1728 828 1755 τα
854 1709 949 1763 ἑξης.
1022 1707 1112 1756 Και
1145 1708 1214 1755 ἐπι
1248 1728 1320 1762 της
1349 1709 1526 1764 Ἑλένης·
1564 1711 1636 1757 Οὐ

131 1774 282 1838 νέμεσις
305 1776 450 1839 Τρῶας
472 1793 516 1822 τε
549 1795 623 1821 και
648 1774 890 1838 εὐκνημιδας
919 1773 1125 1835 Ἀχαιες,
1164 1774 1304 1827 Τοιηδ’
1344 1775 1458 1838 ἀμφι
1495 1795 1636 1837 γυναι-

129 1860 171 1887 κι
196 1840 323 1888 πολυν
347 1841 481 1905 χρόνον
521 1841 662 1901 οἵλγεα
700 1842 888 1901 πάσχειν·
925 1840 1015 1887 Και
1059 1839 1136 1887 ὅσα
1160 1839 1279 1887 οἵλλα
1310 1846 1501 1888 τοιαῦτα.
1575 1844 1641 1889 Οἱ

132 1906 166 1953 δ’
195 1907 317 1954 οἵλλοι
341 1906 510 1962 ποιηταὶ
533 1908 721 1970 ἀκρατῶς
760 1906 836 1952 καὶ
872 1907 1055 1970 ἀμέτρως
1095 1906 1365 1970 ἁλισκομένες
1403 1911 1462 1970 τῷ
1503 1910 1636 1956 πάθει

134 1971 206 2026 τὲς
229 1973 432 2037 ἀνθρώπες
455 1973 654 2026 ἐποίησαν.
727 1972 815 2019 Καὶ
837 1977 980 2019 ταῦτα
1004 1972 1076 2036 μὲν
1101 1971 1169 2019 ἐπὶ
1192 1978 1371 2020 τοσέτον.

131 2103 230 2133 risum
245 2110 414 2135 moventes.
458 2104 541 2135 Eam
557 2105 596 2134 ob
613 2113 737 2134 causam
755 2103 920 2135 Vulcanus
935 2103 1062 2145 quidem
1075 2103 1109 2134 in
1125 2102 1228 2134 Iliade
1243 2104 1435 2143 claudicans,
1452 2110 1483 2135 et
1495 2105 1555 2135 diis
1564 2104 1639 2136 vina

129 2146 305 2177 infundens
330 2147 556 2178 introducitur:
584 2148 711 2178 Excitat
741 2148 921 2178 immensum
943 2149 1040 2178 risum
1057 2149 1223 2179 caelestibus
1245 2149 1305 2179 ille.
1349 2148 1510 2179 Thersites
1531 2155 1639 2180 autem

128 2199 258 2228 corpore
273 2191 478 2229 turpissimus,
501 2196 533 2220 et
554 2191 662 2221 animo
677 2189 919 2226 scelestissimus,
944 2191 984 2221 ob
1009 2191 1194 2226 tumultum,
1218 2190 1480 2227 maledicentiam,
1504 2197 1536 2223 et
1551 2192 1635 2224 inso-

128 2231 259 2263 lentiam
276 2234 315 2263 ab
330 2233 440 2273 Ulysse
457 2233 604 2273 pulsatus,
627 2234 776 2264 omnibus
791 2233 914 2264 ridendi
937 2234 1103 2264 materiam
1118 2234 1267 2274 praebuit:
1295 2236 1338 2265 Ec
1362 2237 1501 2275 quamvis
1522 2237 1636 2274 tristes,

128 2278 263 2307 riserunt
290 2279 424 2308 suaviter
449 2288 559 2308 omnes.
605 2277 645 2307 In
670 2276 812 2316 Odyssea
837 2287 911 2308 vero
926 2277 1132 2309 Demodocus
1146 2277 1231 2317 apud
1254 2278 1458 2309 Phaeacenses
1484 2278 1638 2319 voluptati

132 2329 260 2358 operam
275 2319 392 2356 dantes,
411 2320 524 2351 Martis
537 2325 569 2351 et
585 2319 717 2350 Veneris
732 2320 924 2351 adulterium
939 2321 1032 2357 canit,
1057 2321 1112 2361 qui
1126 2321 1160 2351 in
1175 2322 1243 2361 ipso
1259 2321 1341 2352 facto
1356 2321 1550 2361 deprehensi,
1566 2323 1639 2354 reli-

129 2363 201 2403 quis
215 2362 275 2393 diis
290 2363 389 2394 risum
406 2364 569 2400 moverint,
585 2363 630 2394 ita
641 2370 677 2394 ut
686 2363 837 2403 jucundis
857 2364 941 2394 inter
956 2374 989 2395 se
1001 2364 1118 2395 salibus
1132 2365 1274 2395 luserint.
1320 2365 1407 2401 Quin
1418 2371 1449 2396 et
1464 2365 1550 2405 apud
1565 2377 1637 2405 pro-

130 2414 185 2436 cos
199 2405 277 2436 luxu
293 2405 472 2437 diffluentes
496 2407 569 2437 Irus
583 2407 749 2437 mendicus
763 2417 837 2437 cum
853 2407 1094 2449 generosissimo
1121 2408 1235 2448 Ulysse
1258 2408 1342 2439 lucta
1356 2408 1526 2445 decertans,
1551 2415 1583 2439 et
1604 2410 1638 2440 in

128 2447 196 2488 ipso
210 2449 292 2480 facto
307 2449 456 2480 ridiculus
480 2460 634 2490 apparens
655 2450 873 2482 introducitur.
919 2451 960 2481 In
986 2452 1169 2482 universum
1188 2462 1324 2492 namque
1354 2452 1492 2482 hominis
1509 2458 1629 2483 naturae

129 2491 284 2523 familiare
299 2499 351 2526 est,
370 2499 484 2523 utnon
506 2493 610 2523 solum
626 2492 820 2532 intendatur,
846 2494 899 2525 sed
923 2494 1019 2525 etiam
1042 2495 1227 2531 remittatur,
1255 2495 1302 2525 uti
1318 2494 1358 2525 ad
1383 2495 1525 2526 labores
1517 2506 1550 2525 m
1576 2496 1640 2526 vita

129 2535 328 2566 sustinendos
343 2547 398 2575 par
413 2536 461 2567 sit.
495 2536 662 2577 Ejusmodi
677 2535 806 2577 quidem
818 2538 915 2568 animi
928 2538 1094 2569 oblectatio
1109 2538 1193 2578 apud
1208 2538 1363 2569 Po'etam'
1355 2548 1407 2568 mv
1409 2538 1523 2569 enitur.
1559 2539 1638 2569 Por·

132 2587 168 2607 ro
183 2589 282 2619 quum
295 2580 326 2609 hi
333 2580 392 2629 ‘qui
412 2586 479 2619 post
493 2580 598 2619 ipsum
616 2579 812 2610 Comoediam
827 2581 1022 2617 invexerunt,
1039 2582 1140 2612 verbis
1155 2582 1300 2621 turpibus
1314 2588 1344 2612 et
1359 2582 1473 2622 apertis
1489 2582 1529 2612 ad
1540 2583 1640 2612 risum

130 2620 280 2652 ciendum
295 2622 340 2653 usi
358 2623 429 2658 sint,
454 2633 548 2653 nemo
563 2623 634 2653 illos
649 2623 762 2654 melius
775 2623 946 2664 quiddam
939 2624 1094 2655 mvenisse
1105 2625 1230 2655 dixerit.
1275 2625 1438 2656 Homerus
1450 2626 1537 2655 enim
1552 2635 1639 2655 ama-

131 2663 281 2694 tor-iarum
305 2665 509 2697 affectionum
536 2673 568 2696 et
595 2666 773 2697 orationum
800 2668 946 2698 modeste
972 2669 1199 2704 commeminit,
1224 2674 1259 2699 ut
1282 2663 1409 2709 quando
1434 2669 1561 2707 Jupiter
1586 2668 1639 2703 ait,

135 2707 318 2747 IVumquam
334 2712 472 2740 animum
489 2711 567 2749 cepit
595 2711 718 2741 Venerzs
733 2712 819 2741 ”mihi
833 2712 926 2752 filius
942 2713 1046 2747 imum,
1074 2718 1107 2742 et
1129 2718 1251 2742 caetera.
1282 2712 1326 2742 Et
1340 2711 1379 2743 de
1396 2711 1537 2741 Helena:
1565 2713 1638 2742 Non

133 2752 247 2781 mirum
261 2757 302 2782 est
322 2753 481 2793 Phrygios,
499 2759 610 2784 aeratos
625 2759 715 2793 alque
734 2755 884 2794 Pelasgos,
901 2757 965 2786 Pro
981 2757 1039 2786 tali
1051 2757 1178 2787 muliere
1193 2757 1250 2786 diu.
1261 2757 1422 2786 decernere
1423 2755 1528 2795 firro
1547 2761 1578 2785 et
1592 2754 1640 2784 his

132 2792 258 2824 similia.
303 2794 369 2825 Alii
384 2806 457 2826 vero
473 2796 586 2832 Poetae,
614 2796 758 2827 homines
781 2798 839 2827 hoc
863 2797 975 2829 affectu
1000 2798 1248 2830 incontinentius
1263 2808 1299 2829 ac
1326 2797 1546 2829 immodestius
1571 2799 1639 2837 capi

131 2833 296 2867 finxerune
354 2840 460 2880 Atque
476 2839 543 2870 haec
560 2839 687 2881 quidem
704 2841 863 2871 hactenus.
