1856 3235
598 224 1158 274 PROLEGOMENA.
1522 233 1615 274 209

132 358 209 406 vel
233 359 283 405 in
317 357 485 422 paucis
524 356 747 404 cantitari
789 363 839 403 et
878 356 1158 403 memoriter
1195 356 1382 419 vulgari
1420 357 1615 405 solitum

128 431 380 487 putarunt.
448 421 541 469 Cui
565 421 740 468 rationi
765 429 815 468 et
837 421 941 484 ipsa
980 437 1056 468 res
1081 429 1131 468 et
1154 429 1373 468 veterum
1410 425 1616 471 auctori-

127 498 200 536 tas
217 504 409 552 prorsus
431 494 689 549 repugnat.
761 487 936 550 Neque
963 487 1091 534 enim
1116 487 1259 533 unius
1283 486 1500 544 Homeri,
1530 490 1616 537 sed

127 562 177 602 et
201 553 406 601 Hesiodi
430 560 480 599 et
504 552 706 599 aliorum
745 552 985 608 Carmina,
1025 568 1265 615 omneque
1304 552 1497 615 epicum
1533 572 1615 617 ge-

122 635 228 674 nus,
254 634 368 665 mox
390 617 598 680 lyricum
633 634 826 681 quoque
862 625 912 665 et
945 617 1222 672 iambicum,
1251 617 1505 680 complexa
1542 629 1615 668 est

124 701 198 731 ars
221 683 570 746 rhapsodorum
589 695 621 739 ²,
658 682 850 746 fuitque
876 683 960 729 diu
1000 683 1106 730 haec
1130 683 1276 730 unica.
1299 683 1377 729 via
1416 683 1613 746 publice

119 748 359 811 prodendi
382 748 583 811 ingenii,
610 757 666 795 ut
691 749 836 796 etiam
875 748 1232 810 Xenophanem
1266 753 1493 811 poemata
1528 765 1615 796 sua

118 814 277 876 ipsum
301 812 547 877 ῥαψῳδῆσαι
571 813 790 876 legamus
805 825 840 859 b.
912 813 971 859 In
1000 813 1276 860 Homericis
1305 821 1485 870 autem,
1514 831 1612 861 om-

120 879 254 926 nium
288 879 710 941 praestantissimis,
753 878 1072 944 plurimorum
1108 879 1269 925 studia
1307 879 1516 936 haesisse,
1563 890 1612 927 et

119 943 254 1008 quasi
258 944 496 1005 flzmiliam
521 944 762 1007 quandam
800 944 1043 991 exstitisse
1082 945 1466 1000 Hormi-Marum,
1503 962 1612 1008 quae

117 1009 326 1073 primum
351 1009 483 1073 apud
524 1009 689 1067 Chios,
718 1009 896 1056 deinde
920 1009 1032 1056 alibi
1068 1009 1194 1057 hanc
1233 1016 1386 1057 artem
1414 1027 1609 1058 exerce-

118 1083 194 1123 ret
207 1089 241 1132 0,
268 1075 534 1123 multorum
557 1075 849 1123 testimoniis
875 1075 1202 1123 confirmatur.

183 1141 417 1198 Quamvis
441 1158 557 1188 vero
592 1140 706 1188 artis
730 1140 873 1204 hujus
908 1157 1088 1188 nomen
1111 1141 1336 1189 videatur
1369 1143 1610 1206 posterius

117 1223 220 1254 esse
258 1206 492 1263 Homero,
536 1207 639 1270 ipsa
675 1223 749 1253 ars
774 1214 824 1253 et
858 1206 1095 1269 professio
1123 1206 1226 1270 jam
1264 1208 1610 1270 antiquissimis

115 1273 413 1335 temporibus
454 1272 626 1335 viguit,
670 1289 726 1319 ac
750 1271 908 1319 multo
944 1280 1049 1319 tum
1091 1289 1236 1335 quam
1276 1273 1479 1336 posthac
1515 1274 1610 1321 fuit

115 1338 361 1385 illustrior.
434 1337 611 1393 Quoad
636 1339 765 1385 enim
789 1354 1058 1401 paucorum
1084 1346 1201 1394 erat,
1222 1339 1455 1386 memoria
1480 1356 1608 1386 com-

114 1403 264 1467 plecti
288 1402 518 1467 majorem
557 1420 814 1450 numerum
840 1403 1138 1459 Carminum,
1175 1404 1393 1451 nondum
1431 1406 1610 1468 apertis

112 1469 255 1525 ludis,
278 1470 452 1532 quibus
476 1468 557 1516 illa
579 1469 717 1532 pueri
743 1469 1052 1524 docerentur,
1074 1485 1273 1532 unoque
1297 1486 1478 1532 genere
1504 1487 1608 1518 eru-

113 1535 340 1590 ditorum,
369 1534 514 1582 sacris
538 1535 746 1592 vatibus,
771 1542 875 1581 tota
900 1534 1094 1582 Graecia
1119 1534 1428 1591 circumlatis,
1461 1537 1606 1583 etiam

112 1615 212 1656 eos,
237 1599 319 1663 qui
360 1599 553 1647 illorum
589 1616 734 1662 opera
757 1599 808 1646 in
845 1599 1067 1646 notitiam
1102 1599 1236 1663 vulgi
1278 1600 1606 1663 perferebant,

110 1665 357 1729 praecipuo
376 1665 560 1712 honore
579 1665 745 1713 haberi
766 1674 1148 1713 consentaneum
1165 1666 1272 1712 fuit.
1313 1666 1604 1729 Quanquam

110 1731 267 1794 primo
291 1730 489 1794 quidem
514 1738 673 1782 vatem
709 1747 952 1794 quemque
987 1730 1089 1779 fere
1114 1732 1307 1778 nonnisi
1343 1749 1427 1779 sua
1452 1732 1605 1780 divul-

109 1813 266 1859 gasse,
300 1796 379 1844 vel
402 1813 464 1844 ex
488 1813 547 1844 eo
571 1805 787 1860 apparet,
814 1796 948 1860 quod
972 1797 1272 1861 rhapsodicae
1295 1797 1606 1861 professionis

111 1861 358 1910 Hesiodus
392 1871 475 1910 aut
499 1862 668 1926 aliquis
692 1863 813 1910 alius
838 1863 1029 1926 suppari
1055 1871 1198 1911 aetate
1223 1872 1395 1911 auctor
1419 1881 1604 1912 nuncu-

107 1936 249 1991 patur
266 1931 300 1976 ⁶.
370 1927 496 1976 Mox
515 1937 679 1976 autem
704 1929 818 1976 inde
835 1946 862 1975 a
887 1928 1174 1992 Terpandro
1199 1928 1378 1977 Lesbio
1403 1929 1601 1994 Olymp.

110 1993 354 2042 XXXIV.
389 2010 543 2057 usque
567 1994 629 2041 ad
654 1994 946 2059 Cynaethum
983 1994 1177 2051 Chium,
1206 1995 1526 2043 excellentem
1552 1997 1602 2043 in

108 2058 273 2121 primis
296 2059 346 2106 in
370 2068 472 2107 arte
497 2076 583 2107 sua
607 2059 804 2124 Olymp.
844 2059 1051 2115 LXIX„
1089 2060 1286 2108 eosdem
1312 2077 1409 2108 non
1446 2061 1604 2109 aliena

110 2131 299 2172 tantum
323 2125 410 2174 sed
444 2126 589 2175 etiam
623 2125 815 2190 propria
841 2125 1091 2182 cecinisse,
1130 2125 1417 2190 nullumque
1451 2143 1601 2191 prope

149 2266 170 2286 a
190 2256 276 2288 Vide
291 2256 373 2288 Plat.
390 2257 429 2289 de
444 2258 544 2299 Legg.
561 2259 612 2289 11.
628 2269 656 2298 p.
673 2261 745 2290 658.
756 2259 807 2294 D.,
824 2259 857 2288 in
876 2259 956 2289 Ione
971 2270 1000 2298 p.
1016 2262 1087 2290 550.
1105 2259 1141 2290 B.
1160 2259 1276 2291 Athen.
1293 2259 1391 2289 Xiv.
1405 2270 1434 2298 p.
1452 2263 1524 2291 620.
1541 2260 1577 2290 C.

149 2301 170 2329 b
194 2301 255 2339 Ap.
272 2299 367 2341 Diog.
383 2301 485 2331 La'e’rt.
503 2302 565 2332 IX.
583 2305 631 2332 18.
677 2302 780 2337 Quem
797 2302 902 2332 locum
922 2303 1050 2332 Rossius
1069 2313 1169 2342 nuper
1191 2303 1223 2332 in
1249 2303 1472 2333 Commentatt.
1497 2303 1598 2333 Lae‘rt.

108 2351 172 2372 non
188 2342 302 2373 melius
317 2344 438 2383 accepit
452 2354 546 2384 quam
562 2344 746 2374 Feverlinus
760 2345 793 2374 in
812 2345 895 2375 Diss.
911 2345 950 2375 de
970 2346 1166 2384 Xenophane
1181 2356 1209 2385 p.
1226 2349 1278 2375 21.

149 2395 166 2415 c
190 2385 357 2416 Familiam
375 2387 447 2417 dico
461 2397 498 2417 ea
512 2387 746 2427 significatione.
763 2398 826 2428 qua
841 2388 970 2418 familiae
985 2389 1182 2428 appellantur
1197 2395 1288 2419 sectae
1304 2389 1351 2419 vel
1369 2389 1482 2419 scholae
1497 2388 1598 2428 philo-

104 2429 286 2468 sophorum,
304 2439 368 2459 non
385 2436 533 2470 tanquam
550 2429 676 2469 stirpem
692 2437 724 2460 et
737 2432 918 2471 progeniem
937 2432 1082 2462 Homeri.
1131 2432 1226 2462 Hanc
1248 2432 1535 2471 interpretationem
1550 2442 1599 2462 re-

105 2470 287 2512 linquamus
302 2472 430 2503 vanitati
449 2473 601 2503 Chiorum
616 2483 666 2512 ap.
685 2473 784 2504 Strab.
802 2474 897 2504 XIV.
914 2484 943 2514 p.
959 2478 1032 2506 645.
1056 2485 1075 2504 a
1097 2485 1158 2515 qua
1179 2475 1310 2505 fortasse
1332 2476 1389 2514 ipsi
1413 2474 1600 2505 Homeridae

105 2513 282 2546 abfuerunt.
330 2516 395 2553 Qui
412 2515 437 2545 si
453 2526 523 2546 vere
537 2526 637 2558 genus
651 2526 754 2551 suum,
777 2526 840 2546 non
856 2524 965 2551 artem.
981 2517 1144 2549 duxissent
1158 2520 1196 2548 ab
1215 2519 1367 2553 Homero,
1388 2518 1495 2557 pauno
1509 2519 1601 2548 certi-

104 2566 159 2587 ora
172 2556 212 2588 de
228 2557 385 2589 natalibus
399 2566 430 2589 et
445 2560 509 2588 vita
524 2559 594 2598 ejus
608 2558 729 2590 tradere
744 2559 906 2590 debebant.
952 2560 1064 2601 Neque
1085 2571 1158 2592 vero
1173 2568 1396 2600 argumentum
1414 2568 1458 2590 est
1474 2561 1507 2590 in
1524 2561 1599 2590 locis

106 2599 248 2638 Pindari,
275 2601 413 2632 Acusilai
438 2609 469 2632 et
495 2601 653 2632 Hellanici
676 2604 739 2643 (ap.
758 2602 909 2642 Harpocr.
925 2613 953 2634 v,
973 2603 1147 2646 Ὁμηρίδαι),
1172 2603 1255 2643 quod
1270 2604 1430 2644 vulgarem
1448 2604 1534 2634 illam
1551 2604 1596 2633 fa·

105 2652 189 2672 mam
213 2643 376 2675 confirmet
384 2657 393 2682 ;
415 2644 518 2675 multo
541 2645 647 2674 minus
669 2645 702 2675 in
725 2655 785 2675 usu
808 2645 947 2675 nominis
961 2647 1044 2685 apud
1064 2647 1236 2682 Platonem,
1266 2647 1435 2678 Isocratem
1461 2646 1598 2685 aliosque

104 2685 278 2724 scriptores.
308 2687 472 2718 Exstincta
486 2688 572 2718 enim
589 2688 701 2718 celebri
723 2688 850 2722 familia,
868 2689 1053 2720 translatum
1069 2696 1116 2720 est
1132 2700 1247 2720 nomen
1264 2690 1303 2720 ad
1318 2690 1443 2731 quosxis
1463 2689 1594 2719 Homeri

104 2734 259 2764 cantores,
271 2729 460 2770 interpretes,
477 2731 640 2765 studiosos,
658 2732 704 2761 uti
720 2741 767 2770 ap.
786 2731 902 2762 AElian.
921 2732 992 2763 Nat.
1010 2733 1120 2763 Anim.
1137 2733 1234 2764 xlv.
1250 2737 1299 2765 25.
1316 2740 1391 2763 extr.
1438 2733 1597 2763 Caeterum

106 2781 201 2811 quam
217 2778 339 2804 mature
354 2774 421 2803 haec
436 2784 484 2804 res
498 2780 563 2804 tota
577 2775 741 2804 obscurata
757 2774 804 2809 sit,
829 2781 968 2805 veterum
988 2776 1275 2807 Grammaticorum
1290 2776 1448 2807 dissensus
1462 2774 1598 2805 ostendit

101 2823 149 2853 ap.
167 2814 320 2854 Harpocr.
338 2816 424 2847 Suid.
441 2823 472 2847 et
488 2817 590 2847 Schol.
607 2817 698 2848 Pind.
716 2817 748 2847 11.
767 2827 811 2847 cc.

143 2856 164 2887 d
192 2857 312 2888 Nicocl.
339 2869 387 2898 ap.
416 2859 520 2890 Schol.
545 2860 640 2890 Pind.
666 2860 686 2890 l.
711 2870 735 2890 c.
752 2867 783 2890 et
807 2861 924 2891 Athen.
940 2861 960 2892 1.
975 2871 1001 2892 c.
1046 2862 1266 2901 Exploratiora
1283 2863 1469 2892 haberemus
1485 2859 1524 2889 de
1539 2861 1596 2890 hac

100 2899 188 2930 omni
203 2910 245 2936 re,
263 2901 287 2930 si
304 2902 416 2942 scripta
434 2902 579 2942 Dionysii
597 2903 716 2944 Argivi,
733 2903 940 2939 Timomachi,
967 2905 1172 2945 Hippostrati‚
1198 2905 1368 2940 Aristoclis,
1396 2903 1595 2934 Menaechmi

98 2942 304 2984 aliorumque,
322 2946 360 2976 ab
376 2945 436 2976 illis
451 2945 574 2976 duobus
588 2945 723 2982 laudata,
741 2954 947 2986 superessent.

122 2997 207 3033 vor„
234 2999 275 3034 V.
799 3003 832 3036 D
866 3003 887 3036 d
