1856 3235
589 250 695 299 ΕΙΣ
736 247 1162 297 ΑΠΟΛΛΩΝΑ.
1557 243 1620 320 il

281 396 348 450 Οἳ
370 394 456 448 τότ’
487 394 678 447 {wavria
699 392 791 445 σεῖό
816 394 854 444 τ’
886 393 1044 449 Ἰάονες
1071 388 1216 462 ἀθξόοι
1245 386 1338 440 εῗεν.

272 473 454 523 Πάντων
481 471 588 560 γ’ίιξ
601 491 672 520 κεν
698 467 833 520 ι”δοιτο
855 468 1007 538 χάξιν,
1034 463 1257 537 τέρψαιτο
1285 462 1329 515 δε
1358 464 1461 533 θυμ
1465 463 1522 530 ὃν,

265 544 464 616 ”Ανδξας
487 546 523 596 τ’
554 544 748 614 εἱςοξόων,
777 541 1059 612 καλλιζῶνες
1087 562 1134 591 τε
1161 560 1401 605 γυναικας,

134 625 236 676 155
272 621 403 677 Νῆάς
432 620 469 670 τ’
499 617 671 676 ὠκείας,
700 617 761 675 ᾖδ’
791 616 930 667 αὐτῶν
955 617 1177 684 κτῆματα
1203 613 1377 664 πολλά.

272 693 391 765 Πξος
415 692 476 750 δὲ,
504 692 600 744 τόδε
626 689 759 761 μέγα
786 688 1023 760 θαῦμα,
1004 687 1082 740 ὅτε
1110 686 1240 746 κλέος
1268 685 1390 738 ἕννυτ’
1420 685 1612 749 ὀλεῖται,

272 771 421 859 Κέξαι
449 765 683 826 Δηλιάδες
707 762 1078 823 Ἑκατνέελεταο
1106 764 1351 835 Segesta-vac·

433 842 443 856 9
507 842 519 859 N
560 839 579 859 Ἂ

272 841 346 893 Al
365 843 400 892 ‘t'
431 864 519 892 επει
548 865 606 912 αξ
632 842 790 912 πξῶτον
815 862 896 909 μεν
919 837 1176 890 Ἀπόλλων’
1205 836 1461 906 ὑμνήσωσιν,

896 911 950 932 ΧθΙ

272 913 416 974 Αὐτις
445 915 481 968 δ’
509 922 566 967 αὐ
598 915 734 974 Λητώ
756 936 802 966 τε
829 937 909 965 και
950 920 1150 984 Αξτεμιν
1177 910 1423 983 ιὀχεαιξαν·

131 997 235 1048 160
274 992 573 1059 Μνησάμενοιι
601 988 757 1061 ἀνδξῶν
783 1011 830 1040 «τε
858 989 1064 1039 παλαιῶν
1091 985 1162 1045 ᾖδε
1193 987 1426 1051 γυναικῶν,

261 1064 436 1133 ”Υμινον
462 1064 675 1125 &sidu-tv,
718 1061 921 1128 ἓῐελγεσι
950 1061 996 1114 δὲ
1024 1062 1132 1127 φῦλ’
1161 1059 1395 1148 ἁνθξωπων.

272 1141 455 1192 Πάντων
482 1139 519 1191 δ’
545 1138 764 1210 ἀνθξῶπων
791 1138 931 1202 φωνὰς
959 1159 1038 1187 και
1066 1132 1415 1207 κξεμζαλιαςὺν

274 1215 506 1283 Mustio-ff
536 1213 698 1265 ἴσασιν.
741 1211 851 1278 φαιη
879 1210 922 1263 δε
950 1234 1020 1263 κεν
1047 1208 1231 1268 αὗτός”
1210 1232 1372 1267 εκαςος

275 1287 581 1354 (DSeyvyeo-S'·
622 1286 709 1338 ἕτω
735 1300 834 1351 σφιν
861 1285 985 1343 καλη
1013 1286 1241 1356 συνάξηξεν
1262 1282 1405 1341 &0135-

133 1368 237 1418 165
274 1364 418 1415 ”Αλλ
449 1361 540 1428 οἵγε
568 1361 618 1420 δη
647 1359 779 1419 Amas
798 1359 907 1430 μὴ’
906 1358 1136 1411 Ἀπολλόν
1163 1383 1190 1410 τ
1204 1355 1518 1430 ''Agr-epol&
1493 1354 1582 1419 ςὺν,

278 1522 343 1558 Qui
362 1527 438 1553 tunc
454 1521 569 1552 Iaones
583 1520 764 1561 congregati
779 1525 890 1551 essent.

277 1577 434 1608 Omnium
448 1577 532 1606 enim
548 1575 665 1606 videret
679 1576 821 1616 gratiam,
838 1575 1007 1606 delectaret
1021 1579 1129 1604 autem
1144 1572 1297 1608 animum,

278 1631 433 1672 Virosque
448 1630 618 1670 inspiciens
632 1631 774 1670 beneque
785 1629 903 1660 cinctas
919 1627 1076 1663 mulieres,

199 1689 257 1718 155
281 1685 449 1726 Navoeque
465 1683 592 1720 veloces,
610 1690 641 1714 et
656 1684 797 1723 ipsorum
812 1693 887 1723 opes
902 1682 1028 1713 multas.

275 1739 330 1771 Ad
345 1740 412 1770 haec
428 1745 534 1769 autem
549 1748 704 1779 magnum
718 1737 922 1775 miraculum,
939 1736 1031 1777 cujus
1045 1735 1114 1766 laus
1129 1743 1295 1776 nunquam
1311 1732 1431 1774 peribit,

283 1793 405 1825 Puellae
421 1793 570 1824 Deliades
585 1791 877 1834 procul-jaculantis
893 1791 1054 1831 Apollinis
1070 1790 1223 1820 ministrae
1236 1802 1243 1820 ε

278 1848 420 1889 Quaeque
436 1854 598 1888 postquam
614 1847 754 1887 primum
770 1846 899 1888 quidem
914 1845 1098 1886 Apollinem
1113 1844 1327 1882 laudaverint,

281 1903 405 1934 Rursus
420 1908 526 1933 autem
543 1903 761 1943 Latonamque
777 1907 809 1932 et
825 1901 965 1932 Dianam
981 1900 1100 1941 sagittis
1115 1899 1317 1941 gaudentem,

197 1961 258 1990 160
280 1958 479 1989 Mentionem
497 1956 646 1988 facientes
660 1957 862 1998 virorumque
878 1955 1082 1996 antiquorum
1097 1960 1191 1995 atque
1205 1953 1386 1989 mulierum,

280 2013 451 2053 Hymnum
466 2017 593 2047 canunt,
613 2010 855 2051 demulcentque
869 2019 971 2051 genus
985 2009 1162 2039 hominum.

281 2066 438 2098 Omnium
453 2072 561 2097 autem
575 2065 742 2096 hominum
756 2075 847 2095 voces
862 2070 893 2095 et
907 2063 1139 2094 modulationes

280 2120 405 2151 Imitari
421 2126 555 2155 norunt,
572 2119 655 2149 dicat
670 2119 781 2159 utique
796 2118 862 2158 ipse
877 2117 1009 2158 quisque

282 2175 323 2206 Se
337 2175 437 2216 loqui:
463 2173 542 2205 adeo
555 2173 617 2203 illis
630 2173 762 2213 pulchra
777 2172 983 2203 concinnatur
998 2171 1116 2202 cantio.

200 2231 261 2261 165
286 2228 348 2260 Sed
362 2239 420 2270 age
434 2238 454 2259 o
466 2229 597 2265 Latona,
617 2227 796 2268 Apolloque
811 2236 886 2258 cum
902 2226 1017 2263 Diana,

135 2330 167 2361 '1.
183 2332 212 2361 ἄ.
225 2329 255 2361 εἷ.
271 2329 490 2370 quamrecepit
501 2331 683 2361 Barnesius.
720 2329 782 2361 Sed
794 2339 858 2360 non
898 2329 1009 2369 pilum,
1026 2326 1110 2369 quod
1123 2335 1217 2358 nemo
1227 2325 1403 2366 intelligere
1417 2329 1526 2374 potest.
1551 2322 1634 2353 Sane

134 2374 207 2404 satis
221 2380 292 2413 apta
306 2374 372 2404 haec
386 2373 539 2404 sententia
561 2373 637 2403 loco.
683 2373 757 2403 Non
773 2373 860 2403 enim
903 2372 992 2403 nulla
1005 2382 1065 2402 vox
1080 2371 1176 2401 latina
1191 2377 1245 2405 est,
1270 2379 1341 2410 quae
1366 2369 1395 2399 ei
1421 2368 1494 2398 satis
1508 2375 1635 2405 respon-

135 2423 200 2448 tam
214 2417 336 2447 videtur
349 2416 400 2446 hic
415 2416 529 2465 requiri
543 2415 709 2456 descriptio
719 2416 858 2451 videntis,
904 2415 997 2446 deat·
1017 2421 1164 2445 caeterum
1176 2414 1393 2445 modulationis
1404 2412 1533 2442 verbum
1542 2418 1635 2449 prox·

136 2470 231 2501 quam
260 2470 379 2496 eorum,
409 2459 463 2500 qui
492 2459 684 2490 immortales
720 2459 866 2490 videntur
910 2459 974 2490 ime
986 2458 1130 2489 accedere
1144 2457 1260 2497 putavi.

136 2503 309 2544 spectatori.
954 2503 1029 2533 Ver.
1049 2505 1117 2533 165.
1143 2507 1226 2539 Μιμει
1220 2501 1279 2532 ἴσθ’
1290 2493 1413 2541 ”σιισιν]
1423 2498 1555 2528 Secutus
1565 2504 1637 2525 sum

183 2546 255 2576 Ver.
288 2549 357 2578 157.
383 2545 626 2581 Εκατνιβελὲταο
664 2545 861 2588 θεράπαιναν]
907 2547 1056 2577 Barnesiz'
1071 2544 1259 2583 exemplum,
1277 2543 1332 2583 qui
1348 2543 1391 2572 ita
1405 2541 1503 2572 edidit
1517 2550 1575 2589 pro
1589 2552 1637 2577 μι-

136 2591 310 2621 Barnesius
320 2588 419 2620 edidit
429 2589 653 2626 ἱκιτηβελὲτεο
676 2588 731 2619 alii
741 2589 865 2619 malunt
907 2603 953 2629 μιε
946 2590 1037 2624 Usar,
1057 2587 1143 2628 quod
1157 2586 1327 2625 corrumpit
1342 2595 1474 2619 versum,
1493 2583 1554 2613 nisi
1569 2592 1641 2621 pro·

137 2633 289 2675 θεράπναι.
314 2633 512 2663 Alterutrum
527 2632 745 2663 necessarium.
780 2632 865 2662 Nam
909 2631 1092 2663 nunciando
1106 2629 1240 2661 elidatur
1251 2629 1364 2660 ultima
1374 2628 1595 2667 diphthongus.

137 2676 310 2719 θεράπαιναι
336 2675 534 2716 pronunciari
568 2676 781 2718 τρισυλλιιβως,
808 2674 867 2706 du·
958 2675 1033 2705 Ver.
1060 2677 1236 2706 165-172.
1262 2673 1309 2702 Hi
1324 2682 1430 2702 versus
1457 2676 1531 2701 sunt.
1556 2666 1641 2708 apud

141 2728 214 2749 rum
228 2725 284 2750 est.
913 2718 1015 2749 Thuc.
1031 2717 1052 2748 l.
1065 2728 1091 2748 c.
1107 2727 1179 2748 cum
1192 2715 1346 2747 nonnulla
1357 2715 1511 2749 varietate,
1522 2719 1558 2742 ut
1574 2712 1640 2741 165.

184 2761 260 2793 Ver.
289 2764 358 2794 159.
383 2761 628 2793 Distinctionem
653 2761 793 2792 mediam
810 2760 869 2792 feci
912 2763 987 2793 ἀλλ’
1002 2761 1091 2802 ἄγεθ’
1107 2762 1156 2792 ἵν).
1144 2762 1202 2793 ν’κοι
1219 2767 1275 2790 etc.
1298 2758 1382 2789 unde
1398 2759 1562 2797 Berglerus
1574 2763 1642 2784 cor-

140 2804 175 2835 in
191 2804 252 2836 fine
266 2804 362 2846 hujus
387 2815 500 2836 versus.
549 2805 710 2836 Sententia
731 2812 790 2836 est:
819 2805 874 2835 ubi
918 2805 1053 2846 rigebat.
1079 2805 1152 2835 ἀλλ’
1178 2805 1269 2844 ἄγεθ’
1296 2803 1382 2835 ἵληθι
1413 2802 1462 2840 μὶν
1481 2800 1555 2830 ”.Απ
1586 2804 1642 2826 etc.

141 2847 288 2879 Deorum
303 2849 436 2879 honores
462 2849 664 2885 celebraruntq
682 2855 751 2879 turn
768 2849 871 2879 homi·
916 2848 1088 2889 Eleganter
1111 2857 1194 2878 sane.
1240 2847 1317 2877 Post
1335 2846 1420 2876 hunc
1435 2851 1572 2876 versum,
1587 2839 1644 2870 ali·

142 2901 222 2924 num
237 2898 378 2923 veterum
393 2891 502 2923 laudes
510 2898 630 2923 canunt
644 2892 787 2923 suaviter.
917 2902 972 2922 um
987 2891 1094 2922 deesse
1109 2896 1198 2930 putat
1213 2891 1349 2921 Martini
1369 2889 1387 2919 1.
1411 2898 1435 2918 c
1452 2886 1503 2917 cui
1518 2882 1647 2915 assenti-

184 2935 260 2968 Ver.
286 2939 357 2970 162.
379 2935 611 2979 κςεμβαλιαςὺν]
635 2936 775 2969 Vertunt
798 2942 873 2969 stre·
917 2940 970 2967 tur
984 2936 1166 2969 Bar-nesius.
1213 2932 1274 2966 Sed
1288 2942 1393 2965 versus
1414 2932 1455 2963 ab
1476 2938 1513 2960 eo
1537 2936 1648 2968 propo-
