1856 3235
205 202 257 248 ς’..
893 198 1072 236 1NDEx

202 337 316 367 Venter
328 336 482 367 multorum
494 337 633 367 malorum
646 346 746 373 causa,
755 335 811 367 od.
821 351 834 376 g
850 338 917 368 286.

202 414 316 444 Ventos
329 419 454 453 quatuor
463 415 493 444 in
514 414 650 454 Ulyssem
672 415 783 445 excitat
804 415 917 454 Neptu-

237 464 304 488 nus,
319 454 374 483 Od.
389 467 406 484 ε.
420 458 486 486 295.
499 455 567 486 296.
581 458 684 483 ventos
704 459 770 483 utre
789 453 916 483 inclusos

240 492 339 531 Ulyssi
353 493 406 522 dat
418 492 532 528 AEolus,
546 507 575 522 κ.
591 496 634 524 19.

201 530 304 560 Venus
330 531 465 561 Paridem
486 542 523 560 ex
546 530 648 570 praelio
668 530 800 570 surripit,
823 529 858 561 11.
888 545 915 566 7·

235 573 302 600 380.
326 570 469 599 Helenam
481 570 637 608 alloquitur
649 573 713 602 389.
738 575 769 598 et
782 569 824 598 illi
843 569 916 598 iras-

234 608 311 637 citur
332 613 398 638 413.
437 609 582 638 Helenam
601 608 682 638 ducit
713 608 750 637 ad
780 607 915 639 Paridem

235 650 301 677 428.
340 647 463 677 AEneam
488 647 624 678 subducit
649 657 686 675 ex
710 646 772 675 acie
798 659 816 675 ε.
849 650 914 676 311.

232 686 400 715 vulneratur
426 697 444 715 a
468 685 610 715 Diomede
631 689 697 714 335.
720 684 756 713 de
781 695 815 713 eo
838 685 915 724 apud

234 724 359 754 Dionem
372 725 556 763 conqueritur
579 728 646 756 375.
665 734 685 752 a
708 723 846 752 Minerva
866 723 915 752 de-

232 763 343 792 ridetur
355 768 417 793 420,
433 769 464 792 et
478 763 584 802 Apollo
606 761 745 792 Hectoris
769 772 874 801 corpus
897 773 915 791 a

231 803 384 841 putredine
397 802 549 841 prohibent
563 806 588 838 ψ
614 801 677 830 185.

195 841 299 871 Venus
317 852 381 870 cum
396 842 497 870 Marte
516 839 741 879 deprehenditur
763 849 782 868 a
805 839 915 869 Vulca-

229 890 278 915 no,
293 880 348 909 od.
364 884 397 909 ,9.
411 881 468 912 296
495 889 514 908 a
541 878 676 908 Vulcano
699 877 833 913 liberata,
857 878 913 908 Pa-

229 919 318 958 phum
330 918 402 953 abit,
417 920 483 948 362.
506 917 634 947 Pandari
650 916 724 946 filiss
749 917 869 952 enutrit,
889 932 912 946 v.

230 959 275 988 68.
291 957 407 997 nuptias
419 957 455 986 iis
469 956 544 996 petit
556 967 575 985 a
593 957 679 990 Jove,
706 959 751 987 73.
772 956 912 985 Α118111515

229 997 377 1036 tugurium
387 995 460 1030 adit,
476 1000 521 1028 75.
530 1005 652 1033 eumque
665 994 834 1033 alloquitur,
848 999 911 1026 107.

229 1045 294 1064 cum
315 1045 350 1064 eo
374 1033 550 1068 concumbit,
577 1035 640 1066 167.
663 1043 700 1061 ex
721 1043 822 1062 somno
847 1043 912 1062 811111

227 1073 363 1107 suscitat,
380 1077 442 1105 177.
456 1072 546 1101 filium
560 1072 588 1100 ei
600 1071 762 1110 pollicetur,
777 1071 912 1100 AEneam-

228 1123 286 1151 que
300 1122 401 1141 nomen
415 1110 549 1149 imponit,
566 1114 627 1142 197.
642 1110 791 1139 Anchisen
805 1114 910 1144 monet,

228 1162 264 1180 ne
278 1153 324 1180 cui
348 1160 408 1179 rem
430 1149 549 1184 revelet,
572 1153 639 1178 282.
662 1149 692 1177 111
713 1148 816 1177 coelum
837 1148 910 1183 abit,

227 1194 294 1222 292.
310 1189 425 1222 Venus,
440 1197 477 1216 ex
490 1187 562 1216 mari
585 1188 622 1216 ab
648 1186 739 1216 Horis
764 1191 910 1226 suscepta,

229 1229 338 1266 Hymn.
353 1232 380 1257 2.
396 1227 425 1255 111
442 1225 596 1261 Venerem,
609 1230 636 1256 5.
650 1230 762 1260 ornata,
776 1227 804 1255 6.
823 1230 854 1255 et
873 1225 911 1255 ad

228 1267 310 1296 Deos
323 1266 419 1300 ducta,
434 1268 478 1293 14.

190 1305 301 1341 Vinum
314 1304 518 1339 suavissimum
532 1307 561 1332 et
575 1303 838 1342 generosissimum,
853 1303 907 1334 Od.

224 1359 242 1374 ι.
259 1345 320 1376 196.
343 1343 453 1372 Vinum
463 1342 543 1371 varie
554 1342 684 1371 homines
694 1342 795 1377 afficit,
806 1348 828 1378 ξ,
840 1343 906 1372 464.

224 1398 248 1413 τ.
262 1388 325 1413 122.
347 1383 524 1416 Centaurum
537 1380 684 1416 labefecit,
699 1392 721 1417 φ.
743 1385 810 1413 295.

192 1422 324 1462 Ulysses,
340 1422 375 1450 11.
389 1427 416 1456 β.
430 1422 494 1451 631.
515 1435 544 1456 ‘7-
561 1419 836 1458 l9l.'Chryseidem
855 1430 907 1460 pa-

226 1462 265 1490 tri
287 1461 378 1490 tradit
404 1474 432 1490 οι.
459 1463 523 1489 430.
555 1458 686 1488 Achivos
707 1469 725 1488 a
748 1459 908 1489 dicedendo

224 1502 340 1531 coe'roet
363 1505 390 1535 β.
427 1502 491 1528 182.
531 1498 678 1527 Thersitae
704 1498 908 1537 garrulitatem

222 1541 338 1569 coercet
351 1539 416 1568 246.
438 1537 545 1566 milites
563 1536 600 1566 ad
623 1536 752 1576 praelium
774 1538 908 1567 hortatur

222 1582 288 1611 278.
310 1576 521 1617 Agamemnoni
535 1576 690 1615 respondet
709 1580 732 1605 δ.
754 1580 820 1605 354.
843 1576 907 1615 ejus

223 1616 318 1646 oratio
331 1616 368 1645 ad
382 1615 528 1645 Achillem
539 1615 576 1643 de
589 1614 814 1654 redintegranda
836 1625 908 1654 pace

223 1666 289 1685 cum
303 1657 523 1695 Agamemnone
534 1668 552 1682 A·
567 1657 635 1683 225.
658 1653 830 1683 Diomedem
840 1655 908 1683 hor-

225 1699 306 1724 tatur
324 1694 363 1723 ad
382 1693 511 1733 praelium
524 1701 550 1722 λ.
565 1695 631 1721 312.
652 1692 690 1721 ab
705 1692 839 1722 hostibus
852 1693 907 1721 cir-

224 1732 406 1763 cumvenitur
414 1735 480 1762 403.
498 1742 517 1761 a
533 1731 606 1760 Soco
617 1731 786 1760 vulneratur
798 1735 864 1762 434.
878 1736 910 1761 at

224 1772 306 1801 illum
318 1770 456 1801 interficit
478 1769 543 1801 456.
568 1770 674 1800 suadet
692 1775 726 1800 ut
748 1774 817 1799 ante
836 1781 908 1810 prae-

224 1810 296 1840 lium
310 1811 404 1839 cibum
425 1820 459 1839 ca
480 1809 543 1838 iant
563 1808 670 1838 milites
689 1824 714 1838 ·.-.
745 1813 807 1838 155.
831 1809 909 1848 quod

226 1854 258 1879 et
270 1849 382 1879 Achilli
403 1859 438 1878 su
478 1852 509 1877 et
534 1851 599 1878 215.
620 1858 686 1877 811111
706 1848 800 1888 Ajace
822 1858 908 1878 cursu

224 1893 318 1918 certat
330 1892 363 1924 ψ.
375 1892 439 1920 754.

188 1927 310 1967 Ulysses
332 1926 466 1956 maximis
487 1926 631 1955 erroribus
647 1926 793 1965 jactatus,
818 1925 907 1965 pluri-

224 1976 288 1995 mos
302 1965 416 1995 dolores
431 1975 548 2006 passus,
571 1965 627 1994 Od.
642 1979 672 1994 α.
699 1969 723 1994 1.
745 1965 792 1993 sui
813 1965 906 1994 socio-

222 2015 345 2044 rumque
357 2005 468 2034 reditus
481 2004 696 2044 cupidissimus,
711 2008 739 2033 5.
756 2007 797 2032 13.
817 2015 836 2033 a
849 2004 905 2033 Ca-

221 2043 307 2088 lypso
318 2044 466 2078 detentus,
484 2047 527 2072 14.
543 2047 589 2072 55.
605 2047 628 2072 δ.
643 2047 708 2073 558.
722 2052 834 2072 5111111110
848 2042 906 2072 Pa-

220 2087 287 2112 triae
296 2082 456 2112 revisendae
469 2082 613 2111 desiderio
626 2081 762 2116 affectus,
773 2096 801 2111 a.
816 2085 862 2114 57.
874 2092 907 2111 e·

223 2122 268 2151 ‘us
282 2122 392 2151 reditus
406 2132 424 2150 a
448 2121 589 2161 Neptuno
611 2120 777 2160 impeditus,
802 2124 846 2153 74.
868 2120 906 2149 ad

249 2160 338 2200 rojam
352 2160 480 2190 consiliis
501 2160 759 2199 praestantissimus
786 2173 811 2194 y.
841 2163 905 2189 120.

217 2199 386 2229 verberibus
399 2209 502 2233 caesus,
515 2198 614 2228 urbem
635 2198 793 2237 Trojanam
806 2197 906 2228 dolose

220 2237 393 2278 ing-reditur,
409 2242 432 2268 δ.
448 2242 513 2268 244.
527 2237 576 2267 ubi
589 2238 626 2266 ab
642 2238 759 2266 Helena
771 2236 835 2266 sola
855 2247 906 2276 ag-

221 2277 362 2312 noscitur,
377 2280 444 2307 250.
465 2277 495 2306 in
508 2286 583 2316 equo
605 2276 734 2315 Trojano
754 2275 906 2305 Anticlum

221 2315 348 2350 cohibet,
362 2326 398 2345 ne
418 2316 541 2345 Graecos
565 2316 680 2354 prodat,
704 2319 770 2347 271.
785 2318 851 2347 287.
875 2314 905 2343 111

221 2354 332 2390 Lesbo,
359 2364 424 2384 cum
447 2354 637 2384 Philomelide
662 2358 768 2388 certat,
793 2357 859 2383 342.
882 2367 904 2391 g.

222 2397 287 2422 133.
303 2393 413 2423 invitus
429 2403 446 2422 a
458 2393 585 2433 Calypso
604 2392 750 2427 detentus,
763 2393 793 2421 in
806 2392 906 2422 littore

218 2432 303 2461 sedet
315 2436 456 2471 perpetuo
479 2431 595 2499 inffexis,
616 2442 694 2461 mare
716 2442 752 2461 ue
775 2431 903 2465 intuens,

220 2484 239 2500 ε.
256 2474 301 2500 82.
316 2475 379 2500 151.
391 2481 455 2500 811111
469 2471 512 2500 Ca
524 2481 597 2510 ypso
609 2470 646 2499 de
659 2481 673 2500 r
711 2475 753 2500 itu
765 2469 904 2508 colloqui-

220 2514 281 2543 tur,
299 2514 362 2542 172.
383 2514 414 2539 et
438 2509 533 2538 cibum
552 2509 651 2543 sumit,
673 2514 738 2538 200.
760 2509 904 2548 Calypsus

221 2548 333 2578 monitu
347 2553 438 2578 ratem
460 2548 516 2577 sibi
539 2548 706 2588 compingit,
721 2551 788 2578 243.
812 2548 849 2576 ab
869 2558 905 2576 ea

219 2587 389 2621 dimittitur,
404 2589 468 2617 263.
484 2587 613 2626 navigat,
625 2586 721 2616 sidera
733 2587 903 2620 observans,

218 2630 286 2659 270.
307 2636 325 2655 a
339 2626 480 2665 Neptuno
492 2626 681 2665 conspicitur,
705 2629 771 2655 282.
793 2625 905 2664 procel-

220 2665 250 2695 la
269 2665 434 2705 ingruente,
449 2668 558 2694 sortem
571 2675 653 2694 suam
668 2665 763 2704 luget,
778 2668 843 2697 298.
858 2675 904 2693 ra-

219 2708 251 2733 te
264 2713 415 2738 excussus,
429 2703 501 2732 mari
514 2703 724 2743 submergitur,
749 2703 814 2733 315.
836 2706 903 2735 319.

219 2746 313 2772 ratem
326 2743 443 2782 repetit,
458 2741 651 2781 fluctibusque
676 2746 707 2771 et
728 2742 823 2771 ventis
839 2742 903 2781 jac-

218 2786 311 2816 tatur,
323 2785 412 2811 324.a
421 2781 591 2811 Leucothea
601 2781 704 2810 vittam
717 2780 903 2825 accipit‚351.

216 2825 281 2849 rate
294 2821 410 2860 penitus
433 2819 591 2855 confracta,
613 2819 693 2859 ligno
706 2820 755 2849 uui
776 2819 905 2849 insidens

214 2859 332 2888 vehitur
344 2863 410 2892 370.
425 2859 489 2888 dies
512 2864 544 2888 et
562 2863 662 2888 noctes
685 2859 755 2892 duo,
770 2857 904 2887 fluctibus

209 2898 354 2937 jactatur,
369 2901 435 2927 388.
451 2902 559 2927 terram
581 2897 699 2927 tandem
722 2897 811 2931 videt.
836 2900 903 2929 392.

215 2936 411 2975 fluctuumque
423 2941 454 2965 et
473 2936 656 2976 scopulorum
679 2936 807 2975 pericula
830 2935 904 2964 diffi-

210 2975 316 3004 cillime
330 2976 459 3019 elapsus,
477 2976 560 3005 littus
574 2975 707 3014 attingit,
722 2979 788 3004 462.
825 2974 904 3003 1..811-

211 3014 323 3043 cotheae
360 3018 464 3044 vittam
491 3014 522 3043 in
549 3014 654 3043 flumen
675 3013 809 3048 remittit,
834 3017 900 3044 459.

1003 301 1110 327 terram
1123 299 1281 334 osculatur,
1296 301 1361 329 463.
1375 301 1527 331 arbustum
1539 302 1688 342 ingressus

1001 335 1080 366 foliis
1105 337 1181 377 tegit
1206 349 1250 373 se,
1277 340 1343 371 476.
1370 348 1473 369 somno
1490 347 1685 380 experrectus,

1001 374 1121 405 arbusto
1145 377 1304 416 egreditur,
1329 380 1349 412 ζ.
1379 382 1442 411 127.
1467 379 1625 410 Nausicaae
1654 387 1688 412 et

1000 413 1166 444 ancillis‘se
1184 416 1320 450 ostendit,
1349 419 1412 450 137.
1438 416 1596 449 Nausicaa.
1615 430 1686 459 sup-

999 452 1099 519 plicat,
1129 458 1191 483 148.
1212 454 1249 483 ab
1268 466 1303 484 ea
1326 455 1435 484 vestitu
1456 456 1592 493 donatur,
1615 462 1684 488 214.

1021 491 1116 519 umine
1129 492 1206 522 lotus
1228 493 1416 532 vestibusque
1428 494 1558 531 indutus,
1574 497 1685 531 Nausi-

1000 539 1060 558 caae
1073 529 1294 561 admirationem
1304 537 1412 568 movet,
1436 537 1498 566 237,
1524 534 1591 564 cibo
1615 535 1681 570 refi-

999 567 1087 602 citur,
1107 572 1174 598 248.
1189 570 1334 600 Minervae
1355 571 1512 611 supplicat,
1537 576 1604 603 323.
1629 584 1680 608 118-

999 606 1068 635 bula
1080 611 1182 650 septus
1195 619 1213 637 a
1234 609 1384 645 Minerva,
1408 610 1446 639 ad
1465 610 1585 640 Alcinoi
1606 612 1683 645 aades

999 644 1175 688 perducitur,
1191 661 1212 679 η.
1230 651 1274 676 14.
1289 652 1336 681 37.
1359 652 1402 678 82.
1423 659 1522 678 earum
1545 650 1679 690 splendo-

999 693 1060 712 rem
1070 689 1201 720 muatur,
1217 689 1262 715 83.
1291 690 1354 716 134.
1378 687 1542 731 ingressus,
1571 690 1683 719 Areten

997 721 1122 761 supplex
1134 727 1210 758 orat,
1227 728 1290 754 142.
1304 725 1342 753 ab
1354 725 1478 756 Alcinoo
1491 727 1617 767 benig-ne
1632 738 1683 757 ex-

998 760 1116 799 cipitur,
1133 763 1194 794 167.
1209 766 1241 791 et
1253 762 1290 792 ab
1303 763 1367 802 ipso
1378 764 1574 796 dimissionem
1647 766 1682 802 't‚

998 803 1063 829 222.
1095 799 1306 840 interrogatus,
1345 804 1447 832 Aretae
1473 813 1542 833 suos
1568 805 1598 834 la
1634 815 1685 834 res

997 842 1106 873 narrat,
1120 843 1186 868 241.
1207 840 1389 880 septennium
1403 841 1434 870 in
1453 842 1550 872 insula
1559 843 1683 884 Ogygia

996 876 1145 912 detentus,
1167 882 1230 911 259.
1255 889 1320 908 811111
1343 879 1468 909 Alcinoo
1494 881 1681 921 colloquitur,

997 919 1063 945 302.
1078 916 1232 946 dormitum
1245 918 1279 952 it,
1301 922 1367 947 343.
1389 918 1566 950 Phaeacibus
1589 920 1683 950 admi-

996 953 1138 983 rationem
1149 960 1254 991 movet¹
1270 961 1302 986 ,9.
1326 960 1371 990 17.
1406 957 1567 988 Demodoci
1589 963 1677 988 cantu

996 991 1086 1028 dolet,
1103 997 1147 1022 83.
1161 994 1199 1023 ad
1209 1000 1356 1025 certamen
1369 1001 1555 1034 provocatus,
1566 997 1681 1037 Eurya-

995 1029 1055 1059 lum
1077 1033 1274 1070 reprehendit,
1292 1035 1355 1063 165.
1374 1034 1456 1064 disoo
1474 1046 1574 1065 omnes
1595 1047 1682 1076 supe·

996 1074 1054 1103 rat,
1072 1072 1135 1099 186.
1158 1071 1330 1101 Phaeacibus
1350 1072 1426 1102 vires
1449 1083 1520 1103 suas
1537 1079 1681 1109 ostentat,

995 1111 1062 1137 202.
1089 1108 1249 1138 Phaeacum
1271 1110 1428 1149 tripudium
1454 1112 1586 1146 miratur,
1613 1115 1682 1144 264.

995 1149 1061 1175 383.
1083 1147 1245 1177 Demodoci
1257 1153 1346 1178 cantu
1359 1149 1529 1184 delectatur,
1554 1152 1621 1180 368.
1643 1151 1681 1180 ab

996 1184 1126 1224 Euryalo
1139 1196 1209 1215 ense
1222 1186 1358 1222 donatur,
1373 1191 1438 1216 403.
1451 1189 1617 1219 muneribus
1630 1189 1682 1219 do-

995 1227 1082 1253 natur
1101 1228 1132 1253 et
1156 1235 1174 1253 a
1197 1225 1382 1261 PhaeacibuS,
1405 1230 1470 1259 417.
1496 1242 1514 1257 ν.
1538 1229 1581 1258 16.
1609 1228 1680 1258 item

994 1262 1032 1290 ab
1045 1263 1151 1298 Areta,
1166 1268 1198 1298 θ,
1213 1268 1279 1293 441.
1307 1264 1465 1295 Nausicaae
1476 1267 1590 1306 gratias
1603 1266 1679 1307 agit,

993 1301 1060 1330 463.
1082 1301 1201 1331 Cantori
1214 1303 1309 1332 cibum
1327 1303 1427 1338 mittit,
1449 1308 1512 1337 474.
1535 1305 1683 1335 Demodo-

992 1349 1028 1368 co
1040 1340 1200 1380 Trojanum
1213 1341 1356 1371 excidium
1369 1347 1504 1378 canente,
1517 1342 1682 1383 lachrymas

992 1377 1100 1422 fundit,
1115 1383 1180 1409 521.
1201 1380 1238 1409 ab
1252 1380 1377 1410 Alcinoo
1397 1381 1608 1422 interrogatus,
1634 1393 1680 1412 er-

992 1427 1067 1447 rorls
1080 1418 1127 1447 sui
1140 1417 1293 1448 historiam
1312 1420 1414 1456 refert,
1437 1435 1455 1450 ι.
1486 1425 1511 1450 1.
1546 1422 1680 1453 Ithacam

992 1455 1141 1492 describit,
1162 1461 1211 1487 25.
1240 1458 1378 1488 Ciconum
1401 1452 1501 1489 urbem
1520 1459 1679 1500 depopula-

991 1499 1050 1530 tus,
1065 1495 1102 1524 ab
1112 1495 1186 1535 ipsis
1204 1496 1308 1526 deinde
1324 1497 1424 1537 praelio
1446 1503 1614 1538 superatur,
1633 1503 1680 1529 40.

993 1539 1040 1567 47.
1054 1534 1182 1574 procella
1249 1536 1255 1541 '
1279 1536 1346 1571 itur,
1378 1538 1425 1570 67.
1447 1537 1570 1567 Terram
1590 1537 1681 1567 Loto·

992 1573 1396 1652 Ξῇῥῖωῧὲῑρὲἓωῐῗάὲΐ
1403 1575 1681 1645 diffssdffiadpssiy'

992 1633 1217 1689 phemi'antrum
1241 1652 1415 1692 ingreditur,
1439 1657 1505 1687 195.
1524 1639 1591 1684 21’6.
1612 1626 1678 1683 cuin

993 1699 1028 1718 eo
1049 1689 1233 1729 colloquitur,
1260 1695 1326 1721 258.
1350 1692 1447 1721 vinum
1469 1692 1497 1722 ei
1522 1692 1586 1727 dat,
1610 1696 1677 1722 353.

992 1730 1055 1758 360.
1079 1732 1182 1758 nomen
1196 1729 1253 1759 sibi
1263 1729 1348 1769 fingit
1361 1730 1462 1766 Outin,
1476 1732 1542 1761 366.
1574 1730 1679 1771 Cyclo-

991 1766 1023 1805 pi
1035 1767 1150 1797 oculum
1172 1768 1257 1802 eruit,
1280 1772 1347 1798 380.
1377 1769 1506 1810 seipsum
1527 1774 1558 1800 et
1581 1769 1679 1800 socios

992 1805 1047 1835 sub
1060 1806 1163 1836 ovibus
1189 1807 1276 1842 celat,
1299 1812 1364 1837 425.
1396 1808 1517 1848 Cyclopi
1542 1808 1678 1844 insultat,

992 1848 1057 1877 475.
1083 1849 1148 1875 502.
1177 1846 1215 1874 ad
1238 1850 1363 1876 caeteros
1389 1847 1485 1878 socios
1508 1847 1677 1883 revertitur,

991 1887 1057 1912 543.
1072 1884 1198 1914 AEoliam
1206 1885 1337 1920 advenit,
1352 1900 1380 1915 κ.
1395 1890 1420 1915 1.
1432 1886 1470 1915 ab
1483 1885 1570 1918 AEolo
1583 1886 1676 1916 amice

989 1922 1146 1961 excipitur,
1163 1927 1208 1953 14.
1224 1923 1377 1963 ventisque
1398 1928 1464 1954 utre
1483 1924 1604 1954 inclusis
1624 1924 1677 1954 do-

989 1966 1084 1995 natur,
1099 1966 1143 1994 19.
1163 1962 1202 1991 ad
1212 1973 1278 1991 eum
1298 1962 1403 1992 iterum
1427 1963 1555 1999 delatus,
1579 1963 1678 1997 insula

988 2000 1155 2039 expellitur,
1178 2005 1224 2034 72.
1247 2002 1292 2034 76.
1324 2001 1562 2042 Laestrygoniam
1592 2001 1679 2032 adve-

989 2038 1044 2083 nit,
1059 2043 1104 2082 81.
1124 2039 1174 2069 ubi
1197 2050 1288 2069 naves
1310 2041 1464 2079 sociosque
1479 2040 1621 2109 plurimos
1644 2051 1676 2070 a-

989 2082 1089 2112 mittit,
1108 2082 1168 2108 118.
1187 2083 1249 2109 132.
1273 2078 1312 2109 ad
1331 2079 1456 2114 AEaeam,
1504 2079 1579 2110 irces
1601 2079 1679 2110 insu-

988 2115 1056 2151 lam,
1071 2117 1160 2152 venit,
1176 2122 1239 2147 135.
1253 2128 1370 2148 cervum
1383 2118 1515 2158 configit,
1541 2120 1605 2148 161.
1631 2128 1678 2147 so-

989 2155 1050 2185 cios
1063 2155 1186 2191 animat,
1201 2160 1264 2189 172.
1278 2156 1421 2187 5081οω111
1435 2164 1548 2197 partem
1561 2157 1600 2186 ad
1613 2157 1676 2186 Cir·

989 2204 1039 2223 ces
1054 2194 1134 2224 aedes
1147 2195 1250 2230 mittit,
1271 2200 1337 2226 208.
1359 2196 1462 2228 Circen
1485 2195 1630 2231 aditurus,
1659 2206 1678 2225 a

991 2233 1142 2277 Mercurio
1153 2234 1262 2274 accipit
1276 2234 1341 2264 Mol
1365 2255 1374 2270 ,
1389 2239 1453 2279 302.
1475 2235 1575 2264 Circes
1598 2234 1676 2264 aedes

989 2275 1677 2351 ἰὲἕζῗὲῗῗίἒιῗὲξ..ἳῖᾗῖἳιὲἒὲἒῗέξῖὅωὸἓ

989 2359 1053 2379 vem
1067 2350 1151 2385 redit,
1165 2355 1230 2384 407.
1246 2351 1429 2400 relitpiosque
1443 2351 1538 2380 socios
1551 2350 1619 2380 inde
1638 2350 1677 2379 ad

989 2388 1093 2418 Circen
1107 2389 1199 2424 ducit,
1220 2391 1286 2419 446.
1307 2390 1411 2420 cireen
1433 2390 1470 2419 de
1493 2389 1588 2418 reditu
1608 2399 1676 2418 con-

988 2427 1070 2462 sulit,
1082 2432 1149 2457 483.
1165 2433 1230 2458 501.
1243 2428 1338 2458 508105
1351 2428 1388 2459 ad
1396 2428 1452 2458 iter
1464 2427 1674 2458 instituendum

988 2466 1134 2502 hortatur,
1163 2472 1225 2500 547.
1246 2467 1284 2496 ad
1310 2467 1479 2497 Cimmerios
1507 2476 1545 2506 ap
1583 2466 1672 2500 llitur,

988 2513 1013 2534 λ.
1034 2509 1078 2534 13.
1099 2506 1220 2535 mortuis
1234 2516 1319 2536 sacra
1332 2506 1413 2540 facit,
1436 2509 1483 2535 24.
1515 2505 1542 2534 E
1556 2505 1672 2544 penoris

989 2544 1118 2573 umbram
1132 2545 1212 2575 videt
1225 2549 1255 2574 et
1269 2545 1438 2584 alloquitur,
1452 2548 1497 2573 51.
1512 2545 1558 2573 56.
1571 2543 1673 2573 matris

988 2583 1114 2613 animam
1128 2583 1219 2618 videt,
1233 2588 1274 2613 84.
1296 2583 1420 2613 Tiresiae
1432 2582 1562 2612 umbram
1571 2592 1674 2612 consu-

989 2621 1035 2655 lit,
1051 2626 1095 2655 90.
1111 2627 1233 2652 matrem
1246 2622 1415 2662 alloquitur,
1432 2623 1495 2652 162.
1505 2626 1536 2650 et
1549 2621 1673 2660 amplec-

989 2661 1012 2690 ti
1024 2660 1136 2691 frustra
1147 2665 1280 2696 conatur,
1302 2665 1368 2691 203.
1382 2660 1499 2690 umbras
1512 2659 1586 2689 alias
1599 2669 1674 2689 com-

1008 2700 1086 2730 lures
1099 2700 1191 2735 videt,
1205 2704 1271 2731 234.
1296 2704 1353 2729 etc.
1376 2699 1416 2729 ab
1436 2699 1560 2728 Alcinoo
1579 2698 1674 2728 disce-

1009 2739 1075 2768 endi
1088 2739 1200 2779 copiam
1220 2738 1303 2778 petit,
1318 2742 1385 2768 353.
1405 2748 1469 2767 cum
1480 2739 1674 2777 Agamemno-

989 2778 1034 2808 nis
1047 2778 1145 2809 anjma
1156 2776 1332 2817 colloquitur
1363 2780 1429 2810 395.
1450 2787 1515 2806 811111
1538 2775 1676 2809 Α81111115,

989 2819 1055 2849 476.
1077 2818 1199 2856 Ajacem
1207 2816 1299 2850 videt,
1311 2820 1376 2846 5412.
1389 2820 1419 2845 et
1430 2815 1598 2854 alloquitur,
1610 2818 1676 2857 552.

990 2856 1071 2885 videt
1096 2856 1241 2890 Minoem,
1269 2855 1332 2887 567.
1354 2854 1503 2889 Orionem,
1523 2857 1588 2886 571.
1622 2853 1676 2883 Ti-

990 2899 1081 2933 tyum.
1108 2899 1171 2926 575.
1205 2893 1369 2924 Tantalum.
1405 2897 1471 2923 581.
1505 2892 1674 2931 Sisyphum,

991 2938 1054 2965 592.
1068 2943 1134 2962 811111
1151 2933 1280 2962 Hercule
1290 2932 1474 2971 colloquitur,
1490 2932 1554 2962 614.
1575 2929 1613 2960 ad
1626 2939 1679 2959 na-

990 2982 1055 3001 vem
1068 2972 1156 3006 redit,
1172 2973 1238 3002 635.
1256 2972 1294 3001 ad
1315 2971 1415 3000 Circes
1435 2969 1560 3000 insulam
1579 2978 1678 2998 rever-

988 3017 1052 3046 sus,
1069 3010 1206 3051 Elpenor-i
1227 3010 1368 3051 exequias
1389 3008 1472 3046 facit,
1497 3022 1535 3048 μ,
1560 3011 1586 3040 8.
1610 3016 1674 3038 cum
