1856 3235
596 219 1157 269 PROLEGOMENA.
1536 230 1555 268 1
1566 229 1621 268 81

140 354 394 404 utilissima
415 358 518 400 arte
558 352 632 400 uti
655 350 914 406 voluerint,
954 350 992 397 si
1023 350 1126 414 jam
1150 357 1256 396 tum
1293 358 1485 414 reperta
1508 356 1625 399 erat.

143 422 305 478 Quem
329 434 538 467 errorem
561 424 806 465 auxerunt
827 415 1005 464 fabulae
1028 415 1225 462 rudium
1250 417 1553 478 quorundam
1576 418 1628 464 in

138 487 244 551 ipsa
266 502 351 533 sua
373 483 663 546 antiquitate
681 483 971 546 scriptorum
996 481 1300 529 Graecorum.
1371 481 1629 530 Celebran-

140 560 223 600 tur
245 550 374 599 enim
397 565 575 613 magna
597 548 845 596 volumina
880 548 1178 603 Carminum‚
1214 547 1379 602 immo,
1407 547 1446 593 si
1472 546 1629 595 Musis

137 617 315 681 placet,
340 631 496 678 prosae
521 614 827 678 eloquentiae‚
853 614 972 661 item
1006 612 1140 676 leges
1176 620 1226 660 et
1249 612 1488 668 instituta,
1525 621 1630 660 tan-

136 698 280 746 quam
303 681 470 745 primis
505 681 804 745 temporibus
848 680 1050 743 scripta:
1088 677 1167 726 cui
1191 677 1353 725 fraudi
1386 677 1437 724 in
1477 678 1559 725 illa
1582 680 1630 725 ἀ-

136 747 274 811 κρισίᾳ
296 755 518 795 veterum
543 747 691 795 etiam
734 745 1001 794 doctissimi
1041 745 1263 792 homines
1315 760 1418 791 sese
1457 743 1627 792 faciles

136 813 420 876 praebebant
435 829 468 860 ².
540 813 685 860 Adeo
709 811 829 858 nihil
854 820 927 859 est
949 811 1001 857 in
1025 810 1112 867 his,
1146 810 1279 874 quod
1302 809 1506 858 colorari
1530 826 1630 857 non

135 878 288 942 possit
310 877 597 926 ratiunculis
621 877 911 942 quibusdam
936 884 987 924 et
1021 876 1288 924 simulacris
1321 875 1630 939 probabilita-

134 943 214 1000 tis,
241 944 445 992 simodo
467 952 745 1008 temporum
781 943 992 991 rationes
1023 950 1073 990 et
1096 950 1352 990 auctorum
1385 941 1532 989 fidem
1567 941 1631 988 ad

136 1007 329 1058 libitum
354 1017 404 1058 et
437 1009 692 1074 ingenium
715 1018 857 1057 tuum
895 1009 1064 1073 fingaS.
1135 1009 1324 1056 Mirum
1362 1015 1446 1066 est,
1470 1006 1631 1071 inquit

137 1074 337 1134 Plinius,
365 1093 453 1140 quo
483 1078 713 1139 procedat
734 1077 904 1123 Groeca
927 1074 1201 1122 credulitas.-
1241 1075 1415 1122 nullum
1439 1081 1528 1121 tam
1553 1073 1630 1120 im-

127 1143 314 1206 pudens
333 1143 620 1191 mendacium
643 1149 726 1200 est,
751 1144 877 1205 quod
898 1148 1009 1189 teste
1031 1147 1203 1188 careat.

808 1338 952 1387 XIV.

203 1471 320 1519 Non
343 1471 506 1535 placet
529 1470 730 1519 historia
748 1470 833 1518 tali
857 1470 1004 1518 modo
1020 1470 1270 1519 ementita.
1341 1469 1502 1534 Igitur
1525 1469 1632 1518 mit-

137 1545 297 1585 tamus
337 1537 445 1584 falsi
487 1537 733 1584 Herodoti
774 1536 1048 1595 Phemium,
1092 1536 1300 1584 Diodori
1338 1544 1389 1584 et
1428 1535 1634 1584 aliorum

141 1602 466 1667 Pronapiden‚
486 1602 856 1651 commenticios
878 1601 1084 1650 Homen‘
1109 1602 1633 1666 γςαμματοδιδασκάλους,

138 1685 251 1717 cum
274 1668 402 1716 ludis
427 1669 524 1716 suis
563 1667 809 1731 librisque,
837 1676 887 1715 et
927 1685 984 1716 ea
1018 1684 1371 1733 expromamus,
1412 1684 1521 1731 quae
1544 1684 1633 1715 nos

138 1734 388 1782 adducant
411 1742 462 1783 et
492 1750 644 1798 prope
670 1742 865 1798 cogant,
891 1742 962 1791 ut,
991 1735 1177 1782 etiamsi
1200 1734 1354 1782 literae
1389 1741 1503 1782 ante
1530 1733 1634 1781 Ho-

138 1816 327 1849 merum
349 1800 401 1847 in
442 1800 686 1849 Graeciam
727 1800 1000 1864 importatae
1041 1810 1204 1849 essent
1240 1816 1424 1856 omnes,
1467 1808 1633 1848 tamen

135 1865 422 1915 facultatem
438 1873 488 1915 et
506 1883 650 1915 usum
676 1881 842 1913 earum
861 1883 1016 1930 usque
1040 1867 1102 1914 ad
1116 1866 1256 1914 initia
1281 1865 1633 1930 Olympiadum

137 1932 239 1981 fere
263 1932 453 1980 nullum
492 1932 641 1981 fuisse
667 1932 937 1980 credamus.
1011 1932 1175 1997 Hujus
1210 1932 1281 1980 rei
1318 1948 1463 1980 causa
1493 1931 1633 1981 nobis

178 2075 199 2096 a
211 2065 339 2106 Loquor
364 2064 563 2104 potissimum
578 2063 618 2095 de
633 2064 827 2104 temporibus
853 2064 959 2095 liberae
978 2064 1118 2100 Graeciae,
1141 2073 1241 2105 quum
1256 2063 1353 2104 longe
1368 2063 1431 2094 alia
1455 2063 1632 2095 studiorum

136 2108 274 2139 conditio
289 2113 375 2143 esset,
392 2119 487 2149 quam
503 2118 573 2148 quae
591 2106 705 2138 deinde
719 2107 864 2138 successit
880 2108 1009 2138 inducta
1025 2107 1219 2149 πολυμαθείᾳ
1242 2106 1468 2138 Alexandrina.
1512 2106 1566 2137 Illi
1580 2117 1632 2138 su-

134 2151 279 2191 periores,
294 2151 327 2181 in
342 2151 418 2186 foro,
435 2161 499 2182 non
514 2151 547 2181 in
563 2150 688 2181 secretis
708 2150 852 2180 literariis
891 2151 1036 2186 viventes,
1060 2151 1210 2182 falsarum
1233 2150 1413 2180 tabularum
1435 2155 1467 2181 et
1491 2151 1633 2190 supposi-

136 2200 243 2234 torum
258 2200 514 2225 testamentorum
539 2193 702 2225 fraudibus
730 2193 898 2225 odorandis
912 2194 1141 2234 occupatissimi
1158 2200 1255 2230 erant,
1280 2193 1512 2233 suppositorum
1537 2193 1633 2224 libro-

138 2247 210 2268 mm
226 2247 335 2268 curam
351 2237 415 2268 fere
429 2237 621 2268 omittebant.
668 2237 753 2267 Nam
767 2247 839 2278 quae
855 2248 893 2268 ex
916 2239 974 2268 hoc
1000 2248 1114 2279 genere
1129 2237 1307 2277 prodierant
1330 2236 1451 2276 scripta,
1466 2236 1500 2266 in
1515 2236 1553 2267 iis
1567 2247 1634 2267 non

136 2286 203 2311 tam
217 2279 298 2311 illud
314 2281 501 2321 quaerebant,
517 2291 558 2311 an
574 2290 683 2311 eorum
699 2289 810 2315 essent,
834 2282 948 2321 quibus
962 2282 1058 2321 vulgo
1072 2282 1292 2315 tribuerentur,
1308 2290 1404 2321 quam
1418 2280 1496 2321 quid
1510 2280 1587 2310 utile
1602 2287 1634 2311 et

137 2323 222 2355 lectu
236 2323 370 2365 dignum
387 2324 513 2354 ferrent.
549 2324 594 2354 Ut
610 2324 819 2355 Demostheni
836 2325 924 2355 Orat.
936 2325 963 2356 Ι.
974 2325 1008 2355 in
1020 2324 1169 2365 Aristog„
1185 2324 1211 2354 si
1222 2330 1328 2354 tamen
1344 2323 1398 2354 illa
1409 2323 1634 2355 Demosthenis

137 2373 195 2404 est,
211 2366 399 2398 sententiam
415 2366 573 2408 quandam
589 2368 717 2398 nomine
734 2367 853 2406 Orphei
870 2367 1006 2399 excitare
1020 2368 1109 2399 licuit
1124 2378 1162 2397 ex
1180 2368 1322 2407 Hymno,
1339 2367 1393 2408 qui
1408 2365 1536 2397 fortasse
1551 2367 1632 2398 duo-

136 2411 197 2441 bus
211 2410 336 2441 saeculis
348 2416 421 2440 ante
435 2420 468 2441 se
482 2410 614 2449 scriptus
628 2417 702 2441 erat.
749 2411 862 2451 Itaque
886 2411 1032 2442 Ciceroni
1056 2418 1087 2442 et
1102 2411 1179 2447 aliis,
1195 2421 1296 2451 quum
1318 2417 1458 2441 veterum
1480 2409 1634 2441 librorum

135 2459 279 2485 auctores
293 2453 470 2490 nominant,
488 2463 553 2484 non
569 2459 693 2484 tantum
713 2454 921 2485 tribuendum
935 2461 988 2491 est,
1004 2462 1160 2496 quantum
1182 2454 1321 2495 plerique
1335 2460 1513 2484 nostrorum
1529 2454 1634 2484 homi-

137 2495 218 2527 num
233 2495 361 2532 faciunt,
379 2496 439 2527 nisi
455 2496 510 2527 ubi
525 2495 571 2526 illi
586 2506 652 2527 rem
669 2503 811 2528 accurate
825 2508 856 2528 se
872 2498 1047 2537 explorasse
1062 2504 1117 2529 aut
1212 2497 1298 2528 cium
1315 2497 1504 2528 Criticorum
1515 2496 1636 2537 judicia

135 2540 226 2581 sequi
238 2540 408 2572 affirmant.
451 2540 558 2576 Quam
572 2538 680 2570 leviter
694 2547 800 2572 autem
823 2541 882 2572 hoc
897 2552 992 2572 omne
1014 2551 1115 2582 genus
1130 2508 1350 2572 ffictissimis
1371 2540 1445 2570 viris
1459 2540 1536 2571 olim
1553 2546 1632 2571 trao-

136 2586 247 2619 tatum,
262 2589 295 2615 et
304 2589 459 2625 quantum
474 2584 507 2613 in
520 2583 679 2614 facillimis
692 2584 871 2625 hujusmodi
887 2584 1110 2625 quaestionibus
1124 2590 1261 2615 erratum
1271 2584 1320 2621 sit,
1336 2584 1478 2624 ipsorum
1492 2589 1634 2614 veterum

134 2625 242 2665 ‘plum
254 2625 329 2658 inde
343 2637 363 2657 a
378 2626 535 2667 Dionysio
551 2626 656 2657 Halic.
671 2626 792 2663 docent,
816 2627 993 2668 certiusque
1014 2634 1169 2658 constaret
1189 2627 1229 2658 de
1243 2637 1280 2659 ea
1295 2637 1338 2664 re,
1353 2627 1379 2658 si
1395 2626 1511 2661 πίνακες
1534 2632 1565 2656 et
1580 2625 1634 2656 ulii

136 2669 237 2700 critici
252 2668 349 2701 libelli
365 2669 655 2701 Alexandrinorum
670 2677 873 2711 superessent.
918 2673 947 2702 A
962 2671 1076 2712 quibus
1084 2671 1198 2702 moniti
1206 2672 1333 2711 posthac
1347 2670 1458 2710 optimi
1472 2670 1635 2709 scriptores

140 2722 223 2752 saepe
236 2712 447 2745 dubitationes
469 2713 670 2753 interponere
687 2714 790 2745 solent
804 2713 844 2745 de
858 2715 1041 2745 auctoritate
1067 2714 1226 2751 librorum,
1251 2723 1386 2756 quorum
1412 2713 1488 2744 locis
1503 2719 1534 2743 et
1548 2711 1635 2743 testi-

138 2755 255 2786 moniis
268 2761 410 2788 utuntur.
457 2756 519 2788 Sed
534 2756 657 2788 faciunt
680 2757 712 2788 id
729 2757 884 2788 rarissime
909 2768 946 2788 ea
961 2768 1044 2794 cura,
1061 2768 1124 2799 qua
1145 2767 1231 2790 nunc
1245 2759 1279 2789 in
1294 2758 1343 2789 his
1357 2758 1450 2787 rebus
1474 2765 1551 2795 opus
1565 2764 1634 2786 esse

138 2809 310 2830 censemus.
354 2799 494 2836 Quidam
519 2800 616 2831 etiam
640 2801 823 2841 simpliciter
846 2807 878 2832 et
892 2801 980 2833 nulla
1004 2801 1180 2841 suspicione
1201 2801 1338 2833 indicata
1360 2799 1496 2831 afferunt
1516 2804 1634 2830 veter&

139 2840 242 2879 libros,
257 2852 394 2884 quorum
420 2843 544 2874 fraudes
555 2847 624 2885 jam
639 2844 761 2875 dudum
790 2844 956 2884 patefactas
970 2846 1099 2886 aequaevi
1128 2851 1290 2876 testantur.
1335 2843 1421 2879 Quin
1438 2842 1533 2873 etiam
1548 2846 1634 2878 sunt,

136 2885 190 2926 qui
206 2885 301 2917 libros
314 2887 426 2926 passim
443 2887 625 2928 vulgaribus
648 2887 749 2918 titulis
764 2894 795 2919 et
817 2888 1000 2920 nominibus
1015 2888 1154 2924 afferant,
1175 2899 1246 2929 quae
1260 2887 1357 2920 iidem
1380 2885 1464 2924 alibi,
1481 2894 1631 2921 nonuun-

134 2937 232 2970 quam
246 2929 279 2961 in
292 2929 404 2962 iisdem
419 2929 550 2971 scriptis,
564 2936 601 2963 ut
615 2941 734 2963 errores
748 2931 836 2974 vulgi
852 2941 890 2963 cx
905 2931 1061 2965 industria
1074 2937 1222 2973 arguunt.
