1856 3235
215 209 307 247 205
701 193 1258 244 PROLEGOMENA.

863 457 1064 504 XXIII.

288 591 413 640 Nam
440 607 501 638 ex
542 590 614 645 iis,
644 604 752 653 quae
789 604 818 634 a
842 586 1074 634 Salmasio
1110 592 1160 632 et
1183 584 1286 632 aliis
1311 586 1554 650 disputata
1593 598 1708 638 sunt

223 658 284 706 de
306 655 568 720 rhapsodis,
596 670 694 701 non
718 651 1022 714 intelligitur,
1050 667 1217 699 eorum
1248 652 1551 713 potissimum
1575 671 1706 703 curae

223 722 403 778 deberi,
431 721 562 785 quod
586 720 732 767 etiam
757 733 888 765 nunc
914 716 1181 763 Homerica
1204 724 1479 774 tractamus,
1505 728 1706 783 arteque

219 787 505 851 rhapsodica
528 784 710 833 actioni
735 783 1019 831 Graecorum
1043 781 1189 838 omni,
1218 789 1268 828 et
1291 782 1499 830 scenicae
1531 793 1580 831 et
1605 801 1706 832 ora-

220 855 372 909 toriae,
398 852 525 899 viam
549 850 784 898 munitam
810 864 914 896 esse
931 853 973 893 ²:
1011 847 1159 894 immo
1182 847 1285 902 hos,
1311 864 1431 910 quos
1464 848 1706 913 insignem

220 919 442 966 ordinem
478 915 683 980 appello,
726 931 813 978 pro
850 913 1104 961 levissimis
1141 912 1416 960 hominibus
1456 913 1707 963 habendos

219 983 362 1033 multi
387 983 661 1030 docuerunt
686 996 746 1027 ex
772 978 974 1026 Platone
1010 986 1058 1026 et
1087 978 1433 1041 Xenophonte.
1505 979 1602 1027 Sed
1623 980 1706 1029 hic

215 1050 399 1114 primus
424 1055 496 1095 est
520 1063 581 1095 ex
605 1047 757 1094 tribus
782 1044 1036 1101 erroribus,
1064 1044 1146 1108 qui
1180 1043 1323 1107 hujus
1347 1044 1416 1092 rei
1450 1045 1708 1093 veritatem

216 1120 517 1180 pervertunt,
544 1112 677 1176 quod
716 1110 887 1174 priscae
909 1109 1038 1157 illius
1078 1117 1224 1173 atque
1249 1109 1510 1158 Socraticae
1548 1111 1708 1159 aetatis

217 1181 428 1228 rationes
454 1176 840 1225 confunduntur.
910 1174 1140 1222 Alterum
1165 1191 1376 1222 errorem
1407 1175 1510 1238 jam
1551 1176 1708 1224 subla-

216 1254 321 1294 tum
345 1251 481 1308 puto,
503 1260 600 1307 quo
624 1258 686 1290 ex
703 1240 824 1288 falsa
841 1240 1095 1288 notatione
1119 1240 1328 1287 nominis
1348 1239 1549 1304 ῥαψῳδοῢ
1564 1251 1583 1277 b
1610 1241 1709 1299 col-

215 1312 442 1374 legerunt
466 1309 678 1372 quidam,
704 1313 942 1354 versatam
967 1322 1070 1354 esse
1105 1322 1301 1369 operam
1337 1322 1506 1353 eorum
1528 1306 1580 1353 in
1603 1323 1709 1354 ver-

218 1377 347 1424 sibus
371 1375 547 1439 passim
573 1372 893 1436 excerpendis
919 1379 970 1419 et
993 1371 1386 1419 consarcinandis
1421 1371 1484 1418 ad
1507 1372 1708 1420 modum

218 1442 513 1496 Centonum‚
558 1439 723 1503 quales
759 1454 821 1485 ex
859 1436 1079 1485 Homero
1103 1454 1131 1484 a
1160 1436 1337 1484 sanctis
1379 1436 1553 1485 animis
1588 1436 1709 1486 facti

219 1515 426 1562 exstant,
470 1505 690 1553 ridiculae
729 1503 928 1566 ineptiae
950 1503 1003 1549 in
1027 1519 1214 1550 summa
1245 1503 1487 1565 gravitate
1526 1519 1707 1551 rerum.

218 1573 388 1636 Atque
422 1571 686 1620 absurdum
711 1568 834 1616 illud
869 1576 1200 1616 commentum
1238 1568 1384 1615 etiam
1419 1568 1609 1631 turpius
1634 1585 1710 1616 or-

215 1647 384 1686 natum
410 1645 482 1685 est
506 1638 564 1684 ab
589 1636 662 1692 iis,
697 1634 779 1698 qui
805 1633 1138 1681 circulatorios
1163 1641 1387 1681 cantores
1424 1633 1497 1680 sui
1520 1641 1708 1698 tempo-

214 1705 277 1751 ris
302 1702 549 1766 rhapsodis
574 1700 751 1749 similes
775 1699 882 1756 rati,
908 1716 998 1757 res,
1021 1716 1137 1763 quas
1162 1699 1232 1745 illi
1256 1698 1542 1755 cecinerint,
1562 1699 1614 1746 in
1637 1708 1707 1748 ta-

213 1769 328 1818 bula
350 1769 503 1832 pictas
528 1775 578 1816 et
601 1765 778 1815 bacillo
803 1765 1154 1813 demonstratas
1172 1764 1437 1828 fingebant.
1508 1763 1708 1813 Tertius

215 1851 346 1883 error
368 1834 599 1881 latissime
622 1839 773 1897 patet,
800 1831 893 1878 hoc
916 1831 1025 1879 loco
1061 1831 1198 1878 nobis
1222 1830 1273 1876 in
1302 1829 1470 1893 primis
1505 1846 1709 1895 coargu-

215 1901 380 1949 endus·
472 1900 600 1947 Nam
647 1897 778 1961 quod
829 1904 943 1945 ante
989 1897 1215 1944 usitatam
1263 1895 1507 1944 scribendi
1552 1904 1707 1944 artem

215 1981 476 2015 commune
500 1972 604 2013 erat
628 1962 935 2012 Carminibus
959 1962 1199 2018 omnibus,
1220 1961 1463 2026 singulare
1483 1960 1706 2010 Homero

212 2031 492 2080 institutum
516 2029 758 2086 fecerunt,
786 2044 996 2093 eumque
1020 2035 1197 2084 vatem,
1234 2043 1378 2091 quem
1412 2027 1598 2090 ingenii
1631 2028 1706 2075 sui

212 2104 530 2146 monumenta
553 2097 736 2160 scripto
763 2095 1072 2159 consignasse
1097 2110 1196 2141 non
1221 2093 1524 2149 dubitabant,
1550 2109 1704 2141 unum

254 2239 273 2260 a
296 2228 378 2259 Inde
395 2228 593 2268 ὑποκρίνεσθαι
609 2237 690 2267 saepe
705 2226 820 2258 dicitur
835 2225 875 2257 de
890 2232 985 2258 cantu
999 2225 1234 2266 rhapsodorum,
1257 2225 1378 2265 ipsique
1394 2225 1546 2266 ὑποκριταὶ
1562 2225 1634 2256 irin
1649 2234 1703 2255 vo-

212 2277 323 2302 cantur
339 2277 408 2302 tum
424 2282 442 2301 a
465 2270 720 2311 Lexicographis,
742 2269 904 2310 Hesychio
926 2276 957 2300 et
976 2269 1108 2304 Timaeo,
1131 2275 1200 2299 tum
1224 2278 1243 2298 a
1268 2268 1400 2298 Diodor.
1426 2268 1487 2298 Sic.
1514 2267 1610 2298 XIV.
1632 2270 1704 2300 109.

212 2315 289 2345 XV.
306 2317 337 2345 7.
362 2314 474 2345 Plures
489 2320 594 2344 autem
609 2312 759 2356 ῥαψῳδοὺς
775 2318 808 2343 et
824 2313 988 2356 ὑποκριτὰς,
1004 2311 1156 2354 ῥαψῳδίαν
1170 2317 1201 2342 et
1213 2311 1365 2353 fiaeo'xqwm
1381 2316 1419 2341 ut
1426 2310 1556 2346 diversa,
1571 2316 1703 2349 ponunt,

211 2367 272 2388 usu
286 2357 386 2397 magis
402 2358 536 2396 proprio.
581 2357 711 2396 Proprie
725 2355 813 2386 enim
829 2357 862 2387 ινδ
876 2355 1021 2398 ῥαψῳδεῖν
1037 2355 1076 2386 ad
1092 2355 1200 2385 omnia
1214 2364 1330 2395 genera
1342 2353 1529 2385 Carminum
1544 2352 1703 2392 pertinuit,

211 2410 230 2431 a
246 2401 359 2441 quibus
375 2410 446 2430 vera
460 2400 540 2431 actio
551 2402 678 2434 abesset,
694 2399 713 2430 i.
726 2409 752 2430 e.
776 2409 812 2429 ea
826 2409 889 2439 qua
903 2399 998 2430 etiam
1013 2404 1118 2429 orator
1133 2404 1224 2428 caret.

255 2445 275 2474 b
308 2444 397 2486 Παρὰ
427 2444 459 2474 τὸ
479 2445 603 2483 ῥάπτειν
624 2442 701 2483 ᾠδήν,
725 2453 867 2474 consuere
886 2453 908 2473 s,
931 2448 1106 2474 connectere
1131 2444 1268 2472 Carmen.
1314 2440 1395 2476 Quae
1414 2438 1541 2479 quidem
1563 2448 1635 2469 vera
1657 2444 1705 2469 est

210 2486 409 2527 etymologia,
426 2486 479 2516 sed
494 2496 532 2516 ex
548 2486 761 2526 antiquiorum
775 2493 955 2524 temporum
972 2484 1101 2525 ingenio
1117 2482 1358 2523 interpretanda.
1404 2481 1530 2522 Quippe
1544 2481 1631 2512 aliud
1648 2488 1704 2517 est,

210 2529 353 2560 breviora
368 2529 518 2560 Carmina
532 2529 629 2560 modo
643 2535 675 2560 et
689 2529 799 2559 ordine
814 2528 946 2567 publicae
962 2527 1135 2558 recitationi
1157 2533 1231 2566 apto
1241 2531 1434 2561 connectere,
1448 2534 1512 2560 seu,
1528 2530 1566 2555 ut
1575 2524 1705 2556 Pindari

212 2572 316 2604 Schol.
338 2572 389 2607 ait,
414 2573 504 2614 εἱρμὸν
523 2586 587 2603 «τινα
609 2574 660 2603 καὶ
680 2574 770 2614 ῥαφὴν
783 2571 938 2608 adhibere,
963 2571 1050 2602 aliud
1065 2576 1232 2601 centonem
1253 2578 1411 2600 consuere.
1457 2567 1553 2604 Quod
1567 2577 1640 2598 vero
1655 2567 1704 2598 his

209 2616 374 2656 postremis
385 2616 506 2646 saeculis
521 2615 650 2646 suerunt
665 2616 722 2645 viri
735 2614 828 2650 docti,
844 2615 898 2655 qui
918 2613 1050 2657 ῥαψῳδὸν
1064 2620 1159 2654 atque
1173 2613 1290 2646 mma-31·
1299 2612 1365 2651 ipsa
1376 2611 1405 2641 vi
1417 2611 1556 2641 nominis
1566 2610 1705 2641 eundem

209 2665 357 2700 putarent
371 2668 446 2694 esse,
464 2659 541 2689 falsa
556 2659 625 2689 illos
640 2658 783 2700 analogia
799 2658 919 2689 fefellit.
965 2658 1040 2688 Non
1055 2657 1140 2687 enim
1157 2658 1274 2699 ῥάπτειν
1288 2661 1343 2685 aut
1359 2654 1477 2694 ὑφαίνειν
1491 2653 1535 2683 ita
1556 2653 1596 2684 de
1617 2663 1703 2685 com-

209 2702 363 2742 ponendis
376 2703 515 2733 veisibus
526 2701 588 2732 dici
603 2702 688 2738 solet,
704 2708 741 2732 ut
755 2701 794 2732 de
806 2701 963 2732 struendis
976 2700 1056 2732 dolis
1070 2706 1102 2730 et
1116 2699 1261 2731 consiliis.
1306 2697 1500 2728 Adversatur
1513 2696 1609 2728 etiam
1623 2697 1703 2728 Pin-

208 2745 304 2776 darus
319 2745 416 2776 Nem.
429 2745 488 2781 11„
513 2745 566 2776 ubi
582 2745 819 2787 ignavissimum
840 2744 874 2775 in
891 2744 946 2775 illa
972 2743 1092 2776 ratione
1117 2743 1277 2783 epitheton
1299 2747 1379 2772 esset
1398 2740 1432 2770 in
1455 2739 1564 2777 verbis,
1591 2741 1704 2771 'ar-riv

210 2789 297 2820 ἐπέων
312 2788 405 2820 ἀοιδοί.
450 2788 562 2830 Neque
577 2799 622 2825 eo,
641 2788 696 2819 sed
711 2787 893 2828 simpliciter
909 2787 948 2818 ad
962 2793 1087 2819 cantum
1105 2787 1328 2826 rhapsodicum,
1352 2782 1505 2814 trahenda
1520 2788 1566 2814 est
1599 2782 1704 2814 oemio

208 2832 329 2872 ῥάπτειν
350 2830 440 2864 ἀοιδὴν
461 2831 496 2862 in
518 2842 610 2865 veiss.
627 2831 771 2864 Hesiodo
786 2831 909 2864 tributis
924 2840 974 2875 ap.
991 2829 1093 2862 Schol.
1109 2828 1200 2862 Pind.
1223 2828 1242 2861 1.
1257 2838 1283 2860 c.
1309 2827 1371 2860 Sed
1385 2827 1437 2860 hic
1451 2826 1564 2868 attingi
1579 2831 1703 2859 tantum

211 2881 341 2914 possunt
355 2875 415 2910 ista
429 2874 544 2908 omnia.
