1856 3235
594 227 1156 277 PROLEGOMENA.
1529 234 1623 273 203

135 365 351 428 cogitare
374 362 455 410 vix
478 359 592 408 sinit
617 358 923 407 consuetudo
946 362 1120 421 poetae,
1158 356 1465 404 artificiosam
1500 356 1621 421 ejus-

134 430 266 478 modi
290 442 481 491 operam
517 425 677 489 aliquo
718 432 852 473 certe
893 423 1112 488 epitheto
1153 421 1305 470 aliave
1346 422 1621 486 adjectione

136 502 368 544 ornatum.

820 689 937 737 XX.

200 821 365 869 Docet
389 837 510 885 ergo
533 820 755 869 locorum
784 819 979 867 illorum
1017 818 1292 883 explicatio,
1328 833 1428 866 non
1456 834 1518 866 ex
1540 833 1623 882 pen

134 888 338 951 regrinis
354 887 660 951 opinionibus
680 894 887 949 captata,
923 885 1009 932 sed
1030 885 1254 932 instituta
1277 883 1537 948 diligenter
1561 900 1624 932 ex

136 953 416 1001 Homericae
461 952 692 1000 orationis
729 952 1042 1016 proprietate,
1083 949 1382 998 mentionem
1420 950 1626 1013 scriptu-

133 1036 200 1066 rae
222 1019 273 1065 in
297 1019 354 1066 iis
377 1019 481 1066 fieri
503 1017 701 1065 nullam.
773 1017 853 1065 Ac
875 1015 1098 1080 profecto
1122 1017 1162 1063 si
1197 1014 1336 1063 aliter
1373 1031 1422 1062 se
1445 1032 1520 1062 res
1544 1014 1628 1062 ha-

132 1086 273 1133 beret
295 1085 346 1132 in
368 1085 637 1148 posteriore
659 1083 785 1140 loco,
822 1099 922 1129 non
954 1090 1138 1130 temere
1172 1082 1212 1128 is
1247 1080 1392 1129 alicui
1427 1080 1628 1144 suspici-

133 1167 218 1198 oso
240 1150 558 1214 interpolatus
581 1148 660 1197 vel
689 1149 848 1213 aliquo
883 1148 1030 1195 modo
1047 1147 1247 1195 vitiatus
1271 1147 1425 1194 videri
1446 1154 1627 1210 posset.

136 1216 260 1272 Quae
306 1215 517 1279 suspicio
563 1232 713 1279 quum
752 1215 903 1278 ipsam
945 1213 1157 1277 speciem
1203 1212 1400 1260 tolleret
1438 1211 1629 1275 vulgati

137 1281 283 1328 moris
320 1281 586 1337 literarum,
622 1281 859 1344 (speciem
901 1279 1012 1327 dico
1046 1280 1182 1326 unius
1221 1279 1475 1340 exemplum
1513 1278 1631 1340 epis-

138 1348 295 1406 tolae‚)
332 1346 616 1409 nullumque
661 1346 791 1410 apud
826 1349 1021 1409 poetam
1059 1344 1319 1407 vestigium
1356 1360 1521 1391 earum
1558 1359 1633 1390 re-

136 1413 403 1476 linqueret;
441 1412 561 1458 nihil
585 1413 782 1459 omnino
816 1411 1026 1474 praesidii
1064 1416 1337 1474 superesset
1377 1408 1634 1456 contrariae

139 1478 370 1542 opinioni,
407 1477 498 1523 nisi
539 1493 600 1524 ex
636 1478 739 1539 ipsa
772 1477 863 1524 hac
904 1484 1041 1523 tanta
1078 1475 1387 1538 longitudine
1423 1474 1634 1522 duorum

141 1543 438 1597 Carminum‚
490 1558 598 1604 quae
633 1541 770 1587 nullo
804 1542 951 1588 modo
993 1541 1225 1588 credibile
1263 1540 1487 1587 videatur
1529 1540 1635 1587 sine

138 1608 267 1656 illius
291 1607 405 1654 artis
429 1606 609 1654 auxilio
633 1614 717 1653 aut
739 1605 908 1668 perfici
932 1614 1016 1652 aut
1039 1606 1102 1652 ad
1132 1605 1467 1669 posteritatem
1490 1605 1637 1669 prodi

139 1673 368 1738 potuisse.
438 1672 510 1719 Ea
548 1679 712 1718 autem
736 1671 1011 1718 ratiuncula
1035 1688 1180 1734 quam
1203 1670 1325 1718 levis
1355 1671 1417 1717 sit
1453 1679 1505 1718 et
1539 1671 1636 1734 pri-

140 1740 230 1787 mis
253 1738 443 1803 legibus
465 1737 683 1785 historiae
717 1753 1010 1800 repugnans,
1049 1736 1182 1784 docti
1216 1735 1503 1800 indoctique
1544 1736 1637 1784 sci-

141 1813 249 1853 unt.

206 1869 316 1920 Jam
352 1886 469 1918 vero
509 1885 609 1917 non
648 1867 798 1916 modo
835 1866 1024 1915 nullum
1060 1867 1158 1915 tale
1197 1868 1248 1915 in
1293 1868 1514 1917 Homero
1555 1884 1638 1915 ex-

141 1943 236 1985 stat
268 1935 600 1984 testimonium
655 1934 724 1982 rei
783 1933 862 1982 vel
901 1934 1178 1998 vestigium,
1232 1934 1422 1982 nuHum
1468 1950 1531 1981 ne
1565 1942 1640 1982 te-

143 2002 479 2050 nuissimorum
515 2001 712 2064 quidem
736 2000 984 2047 initiorum
1015 1999 1247 2063 legitimae
1284 2001 1535 2064 scripturae
1558 1997 1641 2046 vel

147 2067 346 2116 Cadmei
385 2067 632 2115 muneris²
667 2065 922 2121 indicium,
960 2065 1060 2122 sed,
1087 2065 1220 2129 quod
1255 2065 1405 2130 longe
1442 2064 1640 2112 maximi

147 2209 256 2245 hibuit,
281 2209 426 2249 ἓιτιγιούςς
448 2214 485 2239 ut
505 2209 704 2248 perspicuum
728 2208 775 2243 sit,
799 2207 932 2239 eandem
954 2214 1125 2249 utrumque
1146 2208 1333 2240 sententiam
1351 2208 1448 2249 sequi.
1492 2207 1640 2238 Eustath.

145 2253 166 2283 l.
182 2263 207 2283 c.
229 2252 378 2296 Εὐριπίδης
395 2265 450 2283 που
466 2253 662 2294 τὰ“ομηρικὰ
676 2253 800 2293 σήματα
815 2253 851 2286 εἷς
877 2252 1014 2292 ξύμβολα
1034 2253 1214 2291 μεταλαβών
1239 2260 1318 2292 φησι·
1340 2253 1433 2286 Ξένοις
1462 2264 1494 2282 «τε
1517 2250 1642 2290 πέμπειν

147 2296 293 2334 σύμβολα,
318 2296 343 2326 οἳ
356 2294 526 2338 Beda-ouria?
543 2295 581 2326 εὖ.
607 2295 740 2335 (Medea
765 2305 792 2325 v.
809 2296 898 2335 613.)
945 2294 1027 2325 Mihi
1056 2296 1118 2325 veri
1143 2295 1302 2335 persimile
1327 2294 1456 2330 videtur,
1475 2294 1543 2334 jam
1571 2299 1643 2323 tum

147 2339 231 2369 inter
244 2344 395 2378 cognatos
409 2338 579 2368 obtinuisse
594 2344 684 2368 notas
697 2338 849 2378 quasdam
865 2338 1056 2378 symbolicas
1081 2338 1194 2379 quibus
1218 2338 1259 2369 de
1280 2340 1437 2369 nonnullis
1449 2338 1642 2377 gravissimis

145 2384 233 2413 rebus
248 2391 338 2411 sensa
351 2381 528 2411 animorum
544 2381 624 2410 inter
638 2391 671 2411 se
693 2381 968 2416 communicarent,
994 2381 1027 2411 in
1050 2381 1220 2422 primisque
1243 2383 1303 2412 hoc
1326 2392 1427 2423 genus
1452 2380 1644 2419 θνμοφθόρω

147 2424 294 2464 σημάτων,
318 2425 480 2454 inventum
497 2423 625 2454 fortasse
640 2435 678 2454 ea
693 2430 789 2459 aetate,
814 2434 876 2465 qua
896 2424 1027 2454 ultionis
1040 2424 1176 2455 caedium
1190 2430 1222 2454 et
1236 2424 1474 2455 inimicitiarum
1490 2422 1558 2452 dira
1583 2432 1643 2452 sae-

149 2468 223 2498 vitia
239 2468 369 2508 vigebat.
415 2465 476 2496 Sed
490 2467 557 2497 haec
572 2467 747 2497 accuratius
762 2466 946 2506 explicanda
968 2473 1041 2497 sunt
1063 2467 1094 2497 in
1111 2467 1265 2508 singulari
1281 2468 1453 2508 quaestione
1467 2466 1507 2496 de
1522 2467 1643 2506 symbo-

146 2513 185 2542 lis
199 2517 340 2542 veterum.
388 2509 522 2540 Interim
538 2510 697 2540 neminem
713 2511 873 2550 poenitebit
887 2520 1066 2550 comparate
1079 2510 1193 2541 similia
1216 2510 1301 2550 apud
1326 2510 1507 2541 Merianum
1523 2519 1553 2548 p.
1568 2511 1643 2539 523.

148 2563 221 2594 sqq„
245 2554 278 2583 in
293 2554 408 2594 quibus
423 2553 517 2583 etiam
534 2559 606 2583 sunt
621 2553 808 2583 facetissima
823 2554 906 2584 haec:
936 2560 953 2572 ‘-
967 2554 1009 2594 Si⁴
1024 2552 1129 2584 c‘etoit
1143 2552 1175 2583 la
1196 2553 1434 2584 veritablement
1464 2562 1527 2583 une
1553 2551 1644 2581 lettre

149 2595 244 2627 ecrite
258 2606 298 2627 en
312 2594 481 2627 caracteres
494 2595 682 2635 d'alphabet,
707 2596 730 2626 il
746 2596 839 2626 seroit
860 2596 1089 2627 extremement
1113 2596 1272 2637 singulier,
1298 2597 1417 2638 qu’une
1437 2594 1598 2626 invention
1615 2593 1644 2623 si

150 2639 228 2670 utile
254 2646 285 2670 et
299 2639 436 2670 αἰὲς-ἰοῖς
453 2639 478 2668 si
502 2649 634 2670 connue.
660 2639 714 2669 εἴη
735 2639 862 2678 dispar-u
887 2639 969 2669 deux
985 2638 1185 2680 generations
1207 2639 1304 2678 ειμι-ἐς,
1327 2639 1406 2670 dans
1420 2638 1476 2670 des
1497 2637 1645 2677 conjonc-

150 2687 236 2712 tures
249 2681 291 2712 οὺ
307 2693 362 2712 son
377 2692 474 2722 usage
488 2681 633 2712 devenoit
647 2683 744 2712 d’une
757 2688 825 2713 tout
839 2688 929 2713 autre
943 2683 1143 2722 importance.
1179 2683 1219 2714 N
1222 2682 1376 2714 'decit-elle
1384 2685 1462 2713 donc
1474 2683 1569 2711 bonne
1583 2689 1644 2719 que

145 2736 226 2764 pour
251 2727 423 2791 des‚‚{ettres
447 2727 484 2756 de
511 2728 799 2764 recommendaffon,
822 2728 876 2766 qui
901 2728 1054 2757 tendoient
1076 2737 1094 2756 α
1106 2726 1198 2767 faire
1221 2726 1344 2758 devorer
1365 2728 1407 2757 les
1426 2735 1501 2765 gens
1521 2733 1585 2762 par
1610 2723 1643 2751 la

151 2767 303 2800 ίἿιὶπιέτ-ε.

193 2821 212 2840 a
227 2811 357 2851 Semper
371 2811 449 2842 mihi
472 2811 608 2842 maxime
633 2812 751 2842 mirum
783 2812 884 2842 visum
910 2818 963 2847 est,
987 2812 1041 2853 qui
1064 2811 1130 2843 fieri
1151 2812 1310 2852 potuisset,
1335 2812 1360 2842 si
1386 2809 1494 2842 fabula
1519 2807 1578 2838 ista
1603 2805 1645 2837 de

152 2853 276 2884 Cadmo
309 2860 374 2884 tam
400 2860 520 2885 vetusta
543 2861 622 2885 esset
636 2865 731 2895 quam
747 2854 865 2890 volunt,
890 2861 926 2885 ut
939 2865 1010 2885 eam
1025 2861 1071 2885 tot
1094 2855 1197 2886 Graeci
1223 2855 1322 2894 poetae
1346 2862 1470 2893 prorsus
1495 2851 1645 2881 intactam

152 2896 372 2938 relinquerent.
416 2897 456 2927 Id
478 2907 552 2928 vero
574 2898 682 2928 fecisse
702 2907 833 2933 omnesf
847 2908 910 2928 non
926 2898 1021 2929 modo
1035 2908 1095 2934 eos,
1119 2908 1198 2939 quos
1213 2897 1315 2928 adhuc
1331 2897 1363 2926 in
1379 2895 1524 2925 manibus
1550 2893 1644 2923 habe-

147 2948 225 2976 mus
248 2940 427 2982 significant
442 2941 531 2972 nobis
545 2940 669 2972 silentia
684 2941 849 2982 poetarum
866 2941 1052 2975 Latinorum
1079 2946 1110 2972 et
1136 2940 1330 2982 Apollodori,
1354 2939 1407 2981 qui
1434 2948 1471 2969 ex
1497 2936 1644 2976 mythicis
