1856 3235
581 223 1141 274 PROLEGOMENA.
1519 228 1611 273 237

135 361 264 426 poris
287 362 593 423 quaereretur,
630 362 715 402 aut
738 355 775 402 si
800 353 912 402 olim
937 355 1102 417 scripti
1136 353 1243 399 libri
1277 352 1480 401 fuissent
1502 362 1617 401 ante

139 427 453 478 Pisistratum,
489 420 810 484 rhapsodique
833 420 967 476 tales,
1006 418 1168 483 quales
1200 419 1258 465 ab
1292 419 1395 465 istis
1429 419 1617 483 fingun-

137 499 232 547 tur,
269 490 306 538 si
345 487 553 550 denique
593 486 720 533 ullus
759 493 901 533 vetus
941 493 1110 533 auctor
1150 483 1292 547 hujus
1337 485 1619 547 interpreta-

139 556 283 605 tionis
317 560 543 601 exstaret.
612 551 837 615 Namque
860 551 1212 614 ineptissimum
1250 550 1311 596 sit
1338 549 1460 596 illud
1483 566 1620 613 argu-

138 619 358 674 mentari,
395 617 527 681 quod
550 633 648 664 non
673 617 823 681 vulgo
862 617 1121 672 veteribus,
1159 632 1307 679 quum
1336 614 1396 661 de
1419 615 1622 677 pulchra

141 683 490 748 compositione
534 683 707 730 horum
756 683 1036 730 Carminum
1077 681 1360 745 praedicant‚
1410 680 1622 727 Pisistra-

140 759 219 798 tus
241 749 466 797 laudatur
488 765 576 812 pro
604 748 837 795 Homero.
908 748 1129 810 Persaepe
1160 746 1212 793 id
1253 746 1416 794 evenit
1453 745 1504 791 in
1531 745 1624 791 his-

141 815 280 872 toria,
317 822 374 862 ut
396 814 645 862 tralaticiae
667 830 814 861 voces
838 813 1188 875 redarguantur
1210 811 1366 868 factis,
1405 819 1454 859 et
1476 818 1532 857 ut
1555 827 1626 858 re-

133 882 238 937 bus,
276 896 392 944 quas
415 896 560 927 nemo
583 895 683 926 non
706 895 796 942 pro
819 879 941 926 veris
972 878 1157 935 habuit,
1192 877 1339 941 longe
1380 877 1471 924 alia
1509 892 1622 924 con-

138 946 394 1010 sequentia
427 946 537 1000 sint,
575 961 717 1008 quam
741 945 774 990 ii
797 944 1264 999 animadvertebant,
1302 943 1384 1006 qui
1415 942 1519 989 illas
1560 950 1627 989 at-

139 1011 374 1060 tulerunt.
444 1010 754 1073 Ambiguitas
776 1027 907 1066 vero,
945 1026 1088 1073 quam
1112 1008 1226 1056 huic
1255 1008 1493 1056 mentioni
1516 1024 1628 1055 con-

141 1076 357 1125 fusorum
383 1076 665 1124 Carminum
692 1076 850 1123 inesse
885 1083 1074 1139 putant,
1114 1075 1347 1123 continuo
1383 1074 1629 1121 evanescit

141 1142 501 1206 comparatione
527 1158 693 1189 eorum
718 1142 1020 1205 scn'ptorum,
1058 1141 1140 1204 qui
1177 1157 1277 1188 rem
1302 1140 1464 1203 paullo
1490 1139 1630 1186 aliter

141 1216 383 1256 narratam
423 1207 738 1271 reliquerunt,
782 1207 981 1270 Josephi
1023 1214 1073 1254 et
1110 1206 1308 1262 AEliani‚
1345 1223 1431 1253 seu
1468 1205 1629 1268 potius

145 1273 504 1337 comparatione
532 1272 724 1320 illorum
765 1274 997 1320 omnium.
1067 1271 1303 1327 Collecta‚
1338 1287 1439 1318 non
1479 1270 1631 1318 recol-

142 1340 272 1388 lecta
297 1339 538 1394 Carmina,
575 1346 626 1386 et
648 1338 882 1386 adscitam
924 1346 1075 1385 artem
1118 1336 1494 1401 compositionis,
1531 1352 1631 1383 non

148 1405 319 1454 critico
344 1404 504 1452 studio
528 1412 819 1460 revocatam,
856 1404 906 1450 in
930 1403 1023 1450 illis
1042 1403 1265 1450 omnibus
1302 1402 1510 1466 reperiet
1534 1418 1632 1449 me-

147 1488 259 1520 cum
303 1469 648 1533 unusquisque,
686 1470 768 1533 qui
814 1469 960 1517 modo
1002 1476 1189 1516 attente
1229 1468 1418 1532 legerit,
1474 1484 1632 1532 neque

147 1536 415 1601 cupiditate
440 1543 489 1583 et
513 1544 696 1583 temere
739 1535 892 1599 captis
929 1534 1236 1599 opinionibus
1273 1541 1546 1582 occaecatus
1582 1533 1636 1580 li-

144 1603 318 1651 benter
342 1610 505 1650 careat
526 1600 636 1648 luce
660 1601 891 1648 veritatis.

211 1667 368 1731 Atqui
403 1666 544 1730 hujus
581 1665 723 1714 famae
765 1667 1102 1722 constantiam,
1142 1665 1278 1729 cujus
1318 1665 1396 1713 vel
1429 1666 1520 1713 ista
1562 1672 1638 1713 tot

145 1733 326 1781 indicia
365 1732 477 1780 satis
501 1733 676 1780 mirere
701 1749 761 1780 ex
793 1733 850 1779 iis
885 1732 1199 1796 temporibus,
1238 1731 1409 1795 quibus
1451 1730 1637 1779 dudum

147 1816 274 1847 nova
311 1797 467 1846 forma
489 1798 661 1845 horum
696 1798 977 1846 Carminum
1018 1797 1312 1856 invaluerat3
1350 1798 1498 1861 idque
1532 1804 1637 1844 tum

149 1865 281 1929 apud
305 1863 506 1912 Graecos
528 1863 691 1928 potuit
714 1863 816 1911 fieri
840 1864 969 1912 intra
992 1864 1110 1911 duas
1135 1872 1294 1911 tresve
1318 1872 1509 1921 aetates3
1538 1862 1640 1926 ejus

152 1947 269 1994 ergo
292 1928 434 1977 famae
458 1929 781 1977 constantiam
805 1946 868 1977 ne
909 1938 1205 1994 postremum
1244 1929 1441 1993 quidem
1483 1944 1640 1976 aevum

150 1996 344 2060 penitus
368 1995 658 2043 obscuravit.
730 1995 969 2043 Notabilis
995 2012 1055 2043 ex
1078 1995 1173 2042 hoc
1211 2012 1390 2059 genere
1431 1994 1643 2041 narratio

153 2068 226 2110 est
265 2061 316 2107 in
357 2060 559 2108 Scholiis
601 2060 933 2124 Lipsiensibus
973 2069 1023 2108 et
1064 2061 1321 2108 Eustathio
1340 2066 1372 2116 ²,
1413 2061 1642 2107 Δολώνειαν

154 2127 187 2173 i.
214 2143 255 2174 e.
281 2126 584 2190 rhapsodiam
613 2126 678 2173 X'.
704 2125 884 2173 Iliados
921 2128 979 2175 ab
1024 2126 1243 2174 Homero
1284 2143 1372 2190 pro
1414 2125 1643 2189 singulari

153 2191 389 2256 opusculo
411 2191 590 2240 factam
627 2208 745 2248 esse,
783 2209 811 2239 a
836 2192 1081 2240 Pisistrato
1120 2200 1281 2240 autem
1321 2200 1568 2255 receptam
1593 2191 1643 2237 in

157 2257 499 2306 collectionem
524 2259 738 2322 corporis
776 2258 864 2305 sui.
936 2259 994 2305 In
1032 2258 1198 2322 primis
1241 2275 1356 2306 vero
1381 2258 1476 2305 huc
1500 2256 1645 2321 perti-

155 2331 278 2370 nent
316 2323 523 2370 absurda
556 2331 830 2371 commenta
865 2323 1324 2381 Grammaticorum,
1361 2323 1443 2387 qui
1481 2339 1643 2370 curam

158 2388 394 2436 Pisistrati
431 2388 674 2452 explicare
700 2390 876 2446 conati,
915 2407 1063 2453 quum
1087 2391 1270 2455 priscos
1312 2406 1468 2437 mores
1492 2388 1646 2436 nesci-

156 2462 282 2510 rent,
308 2454 370 2501 ad
395 2461 647 2517 corruptos
673 2471 889 2503 rumores
913 2465 963 2503 et
985 2456 1233 2520 proprium
1257 2456 1507 2519 ingenium
1535 2470 1649 2502 con-

157 2519 408 2584 fugerunt.
479 2520 648 2567 Animi
674 2537 817 2568 causa
839 2521 888 2567 in
913 2521 1003 2568 hac
1036 2523 1131 2568 ima
1170 2522 1347 2585 pagina
1386 2521 1543 2585 ipsum
1582 2519 1650 2566 lo-

161 2601 273 2633 cum
298 2585 422 2633 dabo
448 2585 703 2633 Diomedis
729 2585 994 2649 cujusdam,
1033 2595 1088 2634 ut
1117 2604 1228 2635 eum
1266 2587 1473 2651 primum
1518 2584 1650 2632 Alla-

160 2650 257 2698 tius
282 2658 331 2698 et
369 2667 524 2716 nuper
548 2651 869 2699 Villoisonius
905 2669 931 2700 e
958 2652 1099 2700 MSS.
1127 2652 1282 2701 edidit
1297 2654 1330 2700 ὓ.
1403 2652 1479 2700 Ibi
1516 2651 1650 2698 fabu-

204 2799 224 2820 a
244 2789 334 2820 Eust.
349 2801 380 2830 p.
398 2792 470 2822 785.
488 2794 538 2821 41.
556 2792 650 2822 Ouo-ir
666 2792 690 2822 οἷ
705 2793 836 2828 παλαιοὶ,
853 2793 902 2826 τὴν
920 2791 1070 2832 ῥαψῳδῖαν
1087 2793 1195 2826 ταύτην
1209 2794 1253 2832 ὑφ’
1267 2792 1388 2833 ‘Quies-v
1413 2791 1470 2831 ἶδῖᾳ
1488 2790 1653 2829 τετέχθαι,

162 2833 216 2886 καὶ,
237 2834 279 2871 uir
296 2835 534 2874 ἱγιαταλεγῗμαι
559 2837 618 2869 τοῖς
640 2835 734 2878 μέρεσι
763 2836 813 2869 τῆς
837 2834 966 2870 Ἰλιάδος,
995 2837 1049 2867 ὑπὸ
1071 2834 1097 2866 δὲ
1126 2838 1337 2878 Πεισιστράτου
1359 2833 1515 2874 τετέχθαι
1543 2833 1578 2865 εἷς
1606 2835 1655 2864 ’τήν

166 2888 283 2908 ramm-

203 2919 223 2948 b
246 2918 305 2948 Ille
316 2917 336 2949 l.
352 2929 377 2949 c.
401 2929 469 2959 pag.
484 2923 534 2951 93.
550 2919 600 2950 hic
618 2920 737 2950 Anecd.
766 2921 820 2951 Gr.
838 2921 875 2951 T.
901 2921 946 2951 ῙῙ.
963 2932 991 2960 p.
1011 2925 1079 2951 182.
1096 2932 1157 2961 sqq.
1166 2922 1236 2951 “o-n
1252 2922 1278 2952 ἓν
1296 2934 1345 2950 τινι
1363 2919 1454 2960 χρόιῳ
1477 2919 1517 2949 τὰ
1539 2918 1663 2956 ‘opipat—

166 2962 317 3001 ποιήματα
328 2963 594 3005 ταςεφθαίςησαπ,ἦ
614 2964 669 2995 ὑπὸ
683 2964 781 3006 noetis,
799 2964 814 2997 ἢ
834 2965 887 2995 bore}
900 2977 1021 3003 σεισμου,
1036 2979 1051 2997 n
1072 2966 1124 2995 ὑτὸ
1141 2964 1249 2995 ὑδάτων
1266 2965 1417 3001 ὕοι-σφυροῖς,
1434 2963 1483 2992 καὶ
1501 2961 1656 2993 dlv-mi).-
