1856 3235
580 193 1148 244 PROLEGOMENA.
1540 202 1630 249 197

151 354 257 386 rum
294 350 437 400 quam
460 348 649 380 morum
688 331 905 395 peritior,
950 338 1001 379 et
1035 331 1118 395 qui
1141 329 1304 378 forsan
1339 348 1401 380 ne
1425 331 1649 380 homilias

151 403 346 468 quidem
371 416 477 448 suas
519 398 618 445 sola
644 398 876 445 memoria
910 398 1128 453 tenebat,
1165 396 1303 444 nullo
1337 398 1387 444 in
1411 398 1524 446 loco
1547 398 1652 446 lon-

150 468 332 532 gissimi
357 464 707 514 Commentarii
732 463 960 520 efflatum,
982 471 1136 527 atque
1155 463 1383 510 heroibus
1402 469 1562 527 poetae
1584 463 1654 511 fa-

149 534 381 582 cultatem
406 530 650 578 scribendi
675 530 971 594 assignaret?
1005 529 1135 577 Nam
1160 529 1209 575 in
1236 528 1370 576 hunc
1395 545 1654 577 numerum

149 599 318 647 saltem
343 613 442 644 non
466 596 604 644 venit
626 595 666 643 is
690 596 843 653 locus,
882 595 972 644 etsi
997 595 1162 659 magni
1186 595 1453 642 aestimatus
1488 597 1547 643 ab
1572 612 1654 643 an-

145 663 365 727 tiquariis
400 661 665 719 nonnullis,
689 662 743 708 in
766 678 862 725 quo
888 661 1193 741 disciplina-m
1237 660 1489 709 literarum
1513 678 1541 708 a
1566 661 1655 710 Pe-

143 729 290 793 lasgis
331 736 570 776 servatam
612 744 675 775 ex
720 727 906 776 diluvio
945 727 1183 775 mentitur
1199 732 1233 774 ².
1304 727 1655 775 Commentum

142 795 238 843 hoc
261 802 336 843 est
359 794 553 842 aniliter
575 792 901 842 fabulantium
921 793 1279 850 historicorum,
1305 793 1557 857 geminum
1580 792 1652 840 illi

144 861 206 909 de
231 861 453 917 Noacho‚
492 859 653 923 qualia
674 860 885 908 libenter
921 859 1126 924 arripuit
1160 859 1253 906 ista
1287 867 1418 907 aetas.
1490 858 1564 907 At
1597 859 1650 906 in

142 927 404 975 Eustathio
428 942 526 974 non
550 926 793 974 Eustathii
814 926 1067 991 opiniones
1085 926 1359 990 quaerimus,
1387 925 1474 974 sed
1490 933 1654 973 vetus-

139 994 319 1041 tiorum
354 992 675 1050 literatorum,
704 1008 910 1056 quorum
948 991 1144 1040 Scholia
1166 999 1281 1040 ante
1306 991 1477 1040 oculos
1498 991 1646 1040 habe-

139 1060 239 1108 bat.
312 1059 387 1106 Ex
412 1059 487 1106 his
510 1066 674 1107 autem
701 1058 906 1107 Scholiis
931 1075 1044 1106 eum
1068 1058 1252 1123 ubique
1273 1066 1323 1106 et
1345 1058 1398 1105 in
1420 1058 1480 1106 iis
1502 1059 1651 1106 versi-

139 1126 230 1173 bus
255 1126 481 1182 maxime,
508 1124 591 1172 ubi
616 1142 718 1173 rem
742 1141 842 1172 non
867 1125 1026 1173 obiter
1049 1132 1244 1182 tractat,
1272 1124 1365 1172 alia
1388 1125 1552 1172 omnia
1574 1142 1648 1173 re-

138 1190 284 1248 ferre,
310 1191 474 1255 paullo
498 1207 613 1238 mox
637 1191 916 1239 viderimus.

207 1257 342 1305 Num
382 1274 499 1305 vero
526 1257 774 1305 Homerus
798 1257 901 1321 ipse
938 1255 1158 1321 ignotam
1193 1256 1421 1305 heroibus
1456 1257 1552 1305 suis
1577 1270 1649 1305 ar-'

140 1330 241 1371 tem
267 1323 449 1381 scierit,
474 1339 711 1387 nusquam
736 1340 828 1371 nec
853 1323 1134 1370 Eustathius
1153 1339 1262 1380 nec,
1289 1331 1525 1387 quantum
1551 1340 1648 1388 ego

140 1389 346 1453 reperio,
374 1389 627 1453 quisquam
662 1389 1041 1437 Scholiastarum
1078 1390 1275 1453 quaerit:
1312 1390 1381 1436 ita
1402 1406 1479 1437 res
1503 1390 1563 1437 ab
1587 1389 1648 1437 iis

139 1471 233 1503 nec
257 1455 520 1503 affirmatur
544 1472 637 1503 nec
662 1463 872 1520 negatur
895 1455 1112 1520 praecise.
1185 1455 1265 1503 Ac
1301 1455 1470 1520 quanti
1502 1456 1648 1504 facia·

141 1538 247 1567 mus
272 1520 465 1568 illorum
489 1538 651 1579 voces,
678 1522 716 1568 si
752 1538 832 1569 eas
856 1521 1101 1569 mendacii
1126 1521 1425 1569 convincant
1449 1529 1644 1580 eventa,

141 1603 250 1650 quae
275 1603 336 1634 ne
362 1594 582 1634 extrema
621 1587 819 1650 quidem
844 1595 960 1635 aetas
994 1587 1140 1650 plane
1182 1587 1531 1636 dissimulavit?
1565 1589 1647 1637 Ne

139 1652 314 1700 multa:
354 1652 501 1700 etiam
529 1652 892 1701 Alexandrinos
929 1653 1136 1701 Criticos
1160 1651 1293 1701 haud
1334 1653 1483 1702 dubie
1507 1671 1645 1703 exer-

140 1718 244 1766 cuit
268 1718 372 1766 haec
414 1719 643 1782 quaestio:
682 1736 775 1767 nec
798 1718 996 1767 aliunde
1033 1736 1177 1783 quam
1219 1736 1280 1767 ex
1307 1719 1646 1784 disputationi-

137 1782 228 1832 bus
253 1801 422 1832 eorum
445 1785 674 1842 manavit,
702 1785 741 1832 si
766 1785 884 1849 quid
907 1785 1210 1833 auctoritatis
1228 1785 1280 1832 in
1297 1793 1435 1833 tanta
1449 1785 1646 1850 jactura

136 1849 372 1898 librorum
395 1858 619 1899 veterum
643 1851 873 1916 ambiguo
898 1850 1093 1900 silentio
1125 1851 1432 1900 Scholiorum
1457 1859 1645 1901 nostro-

136 1931 244 1963 rum
269 1916 480 1980 objicere
503 1933 775 1981 possumus.
847 1918 924 1966 Ita
947 1918 1259 1967 sentiendum
1285 1925 1358 1966 est
1383 1918 1444 1967 de
1463 1935 1646 1967 memo-

137 1981 278 2030 rabili
299 1982 413 2031 loco
432 1983 464 2033 J
468 1984 652 2048 osephi,
678 1983 763 2032 ubi
786 1984 1041 2049 perspicue
1068 1984 1205 2041 dicit,
1233 1985 1497 2033 Homerum
1517 1986 1645 2034 tradi

138 2048 373 2111 scriptura
395 2065 527 2097 usum
550 2066 643 2098 non
647 2051 808 2112 fuisse
825 2052 874 2099 in
889 2051 1159 2114 pangendis
1173 2051 1483 2110 Carminibus,
1501 2067 1648 2116 eaque

131 2115 288 2176 primo
311 2117 574 2164 memoriter
589 2117 786 2180 prodita
809 2117 858 2165 in
879 2118 1051 2180 vulgus
1084 2124 1134 2165 et
1156 2124 1447 2180 propagata,
1477 2126 1645 2181 postea

141 2180 288 2228 literis
330 2185 550 2231 mandata
597 2185 715 2232 hanc
750 2184 965 2243 sormam
1011 2191 1060 2231 et
1096 2191 1300 2231 tenorem
1345 2184 1593 2233 adscivisse
1607 2187 1643 2232 b.

179 2330 199 2351 a
215 2319 267 2351 Ad
286 2321 326 2352 Il.
339 2320 378 2359 β’.
394 2331 424 2361 p.
437 2325 510 2354 558.
554 2324 604 2354 Ex
620 2329 709 2355 tauto
725 2324 839 2355 merito
854 2324 1007 2366 Pelasgos
1021 2325 1061 2355 ab
1078 2324 1222 2355 Homero
1233 2324 1382 2364 appellari
1397 2324 1479 2360 δίους.
1524 2325 1643 2356 Nonne

138 2363 256 2394 mirum
272 2371 330 2404 est,
358 2366 521 2407 egregium
547 2373 765 2398 commentum
788 2369 828 2399 ab
844 2368 986 2399 Eustath.
1011 2367 1096 2399 sileri
1110 2367 1150 2398 ad
1166 2368 1205 2399 κ’.
1220 2372 1292 2400 429.
1313 2374 1345 2399 et
1361 2368 1476 2408 Odyss.
1498 2370 1534 2400 τ’.
1553 2370 1644 2400 1772

139 2410 194 2437 An
216 2407 297 2439 forte
311 2418 375 2439 non
391 2409 453 2440 fuit
468 2410 501 2440 in
520 2410 652 2441 Scholiis
666 2411 754 2452 ejus?
778 2411 869 2442 Certe
884 2418 990 2442 nostra
1015 2411 1048 2442 id
1063 2410 1298 2447 nonvafferuna
1323 2422 1381 2442 nec
1397 2412 1495 2443 Diod.
1522 2412 1583 2442 Sic.
1599 2413 1641 2442 V.

138 2452 199 2486 57„
215 2451 269 2481 ubi
285 2451 402 2483 similia
417 2453 576 2483 fabulatur
590 2453 629 2484 de
643 2454 859 2485 monumentis
868 2454 1031 2486 literarum
1048 2455 1222 2495 absumptis
1232 2455 1265 2486 in
1279 2455 1408 2486 diluvio.
1447 2455 1644 2486 Transcurro

137 2492 223 2524 aliud
239 2494 391 2535 quiddam
409 2496 442 2526 in
458 2496 528 2526 loco
544 2497 712 2533 Eustathii,
728 2497 814 2539 quod
829 2497 920 2533 docti,
937 2499 1052 2540 quibus
1066 2498 1121 2529 ille
1134 2498 1300 2530 familiaris
1322 2505 1377 2534 est,
1393 2499 1489 2529 etiam
1504 2509 1570 2529 non
1586 2498 1642 2529 ad-

138 2536 253 2567 moniti
263 2538 514 2570 animadvertent
520 2553 530 2579 ;
552 2540 655 2571 caeteri
671 2541 766 2572 modo
779 2541 948 2578 crederent,
965 2548 1028 2579 aut,
1044 2542 1153 2572 minus
1164 2547 1277 2573 natura
1291 2541 1418 2578 creduli,
1435 2542 1469 2572 in
1485 2542 1641 2582 cupidita-

138 2585 203 2610 tem
218 2591 323 2612 meam
337 2584 504 2613 traherent.
549 2583 708 2614 Neutrum
725 2584 902 2624 periculum
917 2585 968 2616 hic
984 2585 1089 2616 subire
1104 2585 1188 2616 libet.

179 2624 200 2653 b
224 2623 343 2656 Contra
362 2627 476 2666 Apion.
496 2627 522 2663 I,
540 2630 569 2657 2.
585 2638 614 2667 p.
632 2631 705 2660 439.
725 2629 803 2667 ’0ψί
820 2629 872 2659 καὶ
885 2629 972 2669 μὸλις
993 2630 1122 2670 ’ἔγνωσαν
1138 2630 1163 2660 οἱ
1178 2629 1324 2664 ’Έλληνες
1341 2629 1421 2668 φύσιν
1438 2629 1636 2672 γραμμάτων.

135 2665 173 2696 Οἵ
187 2668 247 2709 γὰρ
259 2671 463 2712 ἀρχαιοτάτην
478 2671 573 2701 αὐταῖν
588 2671 639 2704 τὴν
654 2672 759 2713 χρῆσιν
774 2670 840 2703 nium
855 2672 1000 2708 θίλοντες,
1011 2685 1056 2704 ⁴7oe
1074 2673 1094 2703 ιὶ
1105 2672 1240 2704 Φοινίκων
1257 2674 1308 2703 καὶ
1326 2671 1444 2713 Κάδμου
1458 2672 1638 2711 σεμνύνονται

132 2711 250 2746 μαθεῖν’
265 2713 296 2742 οὗ
309 2713 365 2751 μὴν
381 2713 433 2744 οὔδ’
449 2715 494 2745 ioe'
510 2714 611 2745 ἐκείνου
627 2715 679 2745 τοῦ
692 2715 795 2758 zeina
813 2714 924 2747 δύναιτὸ
936 2730 980 2751 τις
995 2716 1030 2747 ἂν
1054 2686 1143 2756 {Zaa
1159 2716 1318 2755 σωζομὲνην
1333 2717 1510 2757 ἀναγραφὴν,
1529 2715 1588 2745 οὔτ’
1612 2716 1640 2745 ἷῑ·

133 2751 222 2794 ἱεροῖς,
240 2753 298 2785 οὔτ’
315 2757 339 2786 ἰν
353 2754 492 2794 δημοσίοις
518 2758 713 2797 ἀναθήμασιν.
760 2758 917 2800 (Miratur
931 2760 991 2790 hoc
1009 2760 1036 2790 Ι.
1061 2760 1101 2790 G.
1118 2760 1252 2790 Vossius
1276 2765 1404 2799 propter
1427 2757 1544 2788 nobilia
1570 2758 1637 2797 epi-

137 2803 316 2835 grammata
344 2799 510 2831 Herodoti.
558 2800 662 2832 Aliter
688 2811 774 2832 nunc
788 2802 924 2833 sentient
948 2803 980 2839 ii,
996 2803 1051 2844 qui
1066 2814 1160 2843 supra
1183 2814 1201 2834 a
1216 2813 1268 2833 me
1291 2803 1441 2841 scriptum
1468 2801 1640 2840 probarint.

138 2838 300 2871 Nimirum
312 2841 471 2883 ,Iosephus
484 2854 588 2884 operae
603 2844 739 2884 pretium
755 2855 819 2876 non
835 2845 933 2882 duxit,
949 2845 1013 2876 illis
1034 2852 1066 2877 et
1080 2846 1237 2878 similibus
1252 2846 1366 2877 fabulis
1389 2843 1563 2875 refutandis
1577 2844 1641 2875 im-

135 2883 250 2914 morari
265 2896 274 2920 ;
291 2890 322 2915 et
338 2885 475 2918 fecerant
490 2887 522 2917 id
538 2894 611 2918 ante
626 2898 701 2919 eum
715 2888 768 2919 alii
783 2888 885 2925 multi,
901 2896 937 2922 ut
951 2890 1003 2921 hic
1017 2889 1084 2929 ipse
1095 2890 1184 2922 locus
1191 2889 1337 2921 ostendit.
1382 2888 1457 2919 Jam
1469 2886 1639 2930 diligenter
