1856 3235
631 189 1191 240 PROLEGOMENA.
1558 199 1646 238 1653

159 324 313 372 destia
346 328 480 372 vetat
516 321 664 369 ullam
705 338 809 369 rem
851 328 1183 377 contemnere,
1223 321 1499 385 priusquam
1542 340 1649 371 eam

158 391 310 453 probe
335 388 634 452 cognoveris.
705 387 788 445 Et,
813 403 875 435 ne
911 387 1089 444 dicam,
1112 401 1254 450 quam
1295 387 1448 434 multa
1470 388 1540 435 illi
1563 405 1648 437 no-

157 456 230 502 bis
254 454 340 502 soli
364 471 424 501 ex
448 461 641 501 vetusta
663 452 895 500 memoiia
917 452 1232 509 servaverint,
1255 451 1404 499 iidem
1436 455 1648 517 argutuli

159 536 286 583 saepe
310 520 455 566 etiam
480 535 674 565 sensum
697 519 957 566 verborum
982 518 1164 591 optime
1200 517 1486 580 expediunt,
1511 521 1647 584 quip-

154 602 217 648 pe
257 601 374 647 quos
411 600 524 631 usus
564 583 745 647 linguae
785 583 1003 630 nondum
1040 583 1238 647 penitus
1276 583 1475 629 amissus
1513 592 1647 633 tutos

155 650 414 713 praestabat
437 666 465 696 a
487 648 705 712 pluribus
747 649 1005 706 erroribUS,
1048 664 1168 712 quos
1192 648 1338 695 hodie
1375 648 1500 696 male
1525 651 1647 713 tegi-

154 731 260 761 mus
283 730 423 762 novae
446 714 860 777 interpretationis
886 714 1087 761 deliciis.
1159 714 1219 760 In
1246 712 1467 761 Homero
1501 731 1647 778 porro

153 779 407 843 singularis
448 779 712 827 oblectatio
750 779 970 842 quaedam
1013 788 1063 826 et
1087 779 1298 842 dignitas
1333 779 1460 826 illius
1485 796 1647 843 operae

151 845 346 893 accedit
386 862 447 892 ex
473 862 549 902 eo,
590 845 722 908 quod
744 845 983 892 variarum
1018 845 1289 892 lectionum
1328 852 1378 892 et
1403 861 1647 893 canonum

151 911 511 968 technicorum,
533 927 653 974 quos
670 910 781 958 libri
804 910 1110 984 grammatici
1129 919 1179 957 et
1198 909 1392 958 Scholia
1404 911 1647 985 praebent,

152 976 513 1050 conquisitione
539 984 588 1025 et
616 992 821 1024 censura
843 975 894 1022 in
920 982 1064 1023 vetus
1089 983 1138 1023 et
1161 975 1406 1039 plerisque
1431 976 1646 1049 antiquis

151 1041 470 1106 scriptoribus
510 1041 758 1105 antiquius
795 1057 954 1088 aevum
992 1057 1049 1089 ac
1091 1041 1227 1104 quasi
1267 1040 1318 1087 in
1354 1041 1645 1090 societatem

149 1124 382 1155 vocamur
425 1107 819 1156 doctissimorum
863 1107 1180 1165 Criticorum,
1215 1123 1423 1170 quorum
1451 1106 1646 1170 judicia

149 1181 201 1221 et
223 1174 596 1237 praeceptiones,
621 1173 795 1237 quibus
820 1172 937 1220 olim
973 1172 1247 1230 Ciceronis,
1283 1171 1501 1236 Virgilii,
1539 1173 1644 1221 Ho-

148 1239 259 1286 ratii
283 1239 616 1287 adolescentia
638 1238 856 1286 alebatur
880 1247 915 1296 ²,
941 1238 1160 1302 quamvis
1186 1238 1248 1285 de
1273 1237 1470 1295 Graeca,
1493 1238 1546 1285 id
1569 1248 1646 1288 est

147 1304 305 1368 patria
342 1305 575 1368 ipsorum,
613 1304 782 1368 lingua
816 1304 1038 1367 scriptas,
1073 1320 1162 1351 nos
1184 1303 1374 1351 barbari
1410 1304 1647 1367 ὀψιμαθεῖς

146 1370 325 1434 passim
349 1386 447 1417 non
472 1370 680 1418 absurde
704 1369 944 1432 refingere
967 1385 1110 1433 posse
1128 1369 1396 1417 videamur.
1469 1369 1643 1417 Talem

150 1435 485 1483 conditionem
525 1435 687 1483 critici
727 1436 960 1493 muneris,
997 1435 1159 1482 nullus
1201 1443 1274 1483 est
1315 1435 1524 1498 scriptor
1559 1443 1644 1483 aut

145 1505 294 1564 poeta
315 1502 634 1564 antiquitatis,
653 1501 736 1564 qui
761 1501 965 1564 perinde
990 1508 1136 1564 atque
1154 1500 1235 1548 1110
1260 1508 1427 1548 noster
1452 1500 1640 1549 offerat.

149 1566 315 1640 Quum
339 1583 456 1614 vero
480 1566 688 1629 plurima
713 1582 774 1614 ex
802 1565 996 1613 illorum
1022 1566 1320 1614 Criticorum
1346 1574 1644 1614 commenta-

145 1632 244 1690 riis,
268 1639 498 1695 tanquam
537 1648 626 1696 per
666 1648 838 1679 manus
863 1632 1060 1705 tradita,
1097 1631 1190 1679 alia
1224 1632 1275 1677 in
1300 1631 1416 1678 alias
1454 1640 1642 1690 aetates,

143 1698 471 1746 vetustissima
493 1698 670 1761 partim
693 1698 744 1744 in
781 1697 1083 1755 novissimas,
1120 1696 1429 1755 devenerint,
1471 1714 1641 1746 omnes

146 1763 283 1811 istius
322 1763 517 1828 generis
557 1763 784 1827 reliquias
811 1762 1043 1827 colligere
1079 1761 1222 1826 plane
1264 1763 1486 1825 oportuit
1510 1780 1641 1822 eum,

146 1830 227 1893 qui
249 1830 565 1893 integriorem
601 1837 793 1877 textum
828 1829 1119 1892 lequirebat.
1192 1828 1381 1884 Quodsi
1414 1828 1538 1875 illud
1572 1829 1643 1876 in-

146 1895 330 1943 dustrie
353 1894 469 1953 feci,
494 1903 642 1958 atque
666 1894 854 1942 nullum
891 1894 1091 1958 neglexi
1124 1893 1307 1951 locum,
1342 1894 1475 1941 unde
1512 1894 1639 1942 hanc

145 1961 481 2009 recensionem
506 1961 796 2008 limatiorem
831 1960 1108 2016 redderem,
1148 1959 1268 2006 nihil
1303 1960 1423 2006 mihi
1457 1959 1642 2008 labora-

144 2026 270 2074 visse
292 2027 479 2085 videor,
503 2034 826 2091 praeterquam
852 2026 985 2090 quod
1007 2041 1083 2073 res
1107 2026 1210 2089 ipsa
1235 2025 1471 2089 exigeret.
1544 2025 1641 2073 Mi.

144 2091 274 2140 nime
315 2109 433 2156 ergo
469 2109 661 2157 querar,
697 2099 932 2156 quantum
969 2091 1206 2139 molestiae
1247 2091 1551 2138 exhauserim
1589 2093 1640 2138 in

145 2157 240 2205 hoc
263 2165 363 2205 tam
389 2158 686 2206 diversarum
710 2174 872 2206 rerum
907 2165 1098 2221 paratu,
1132 2157 1183 2203 in
1208 2165 1283 2204 tot
1318 2157 1636 2220 scriptoribus

143 2223 502 2287 pervolvendis,
549 2224 600 2271 in
637 2223 861 2289 legendis
910 2231 960 2271 et
999 2223 1175 2287 partim
1229 2223 1639 2270 reconcinnandis

145 2288 369 2348 Scholiis,
393 2297 538 2354 atque
573 2290 625 2337 111
650 2264 986 2354 conquirenda
1010 2297 1060 2337 et
1095 2288 1393 2336 excutienda
1427 2296 1565 2336 tanta
1589 2297 1639 2337 et

142 2371 360 2420 persaepe
378 2355 539 2403 inutili
557 2354 800 2420 farragine
823 2355 1092 2420 glossarum
1118 2354 1468 2403 etlectionum.
1540 2355 1639 2402 Na

143 2421 254 2469 vavi
275 2421 450 2479 libens,
475 2421 624 2486 quod,
649 2421 987 2486 qualecunque
1011 2421 1203 2480 navavi,
1229 2430 1278 2469 et
1302 2420 1364 2468 ad
1387 2437 1545 2468 meam
1569 2420 1637 2484 ip-

143 2487 239 2535 sius
279 2488 557 2536 utilitatem.
630 2489 709 2535 Ac
734 2504 797 2535 ne
837 2487 943 2535 haec
981 2487 1176 2551 quidem
1219 2487 1281 2535 de
1307 2486 1477 2534 studiis
1518 2487 1638 2533 meis

143 2552 388 2617 praefarer,
412 2554 503 2602 nisi
528 2553 645 2601 mihi
670 2554 794 2601 ratio
819 2552 922 2616 ejus
946 2553 1105 2617 operis
1130 2552 1383 2601 reddenda
1417 2560 1561 2609 esset,
1586 2553 1637 2598 in

143 2634 240 2682 quo
280 2619 448 2667 alienis
476 2620 720 2668 laboribus
760 2618 856 2667 frui
880 2635 979 2667 non
1019 2618 1207 2667 liceret.
1279 2617 1330 2666 A
1361 2618 1637 2683 jactatione

145 2684 394 2734 industriae
417 2694 607 2734 tantum
650 2687 836 2743 absum,
861 2693 916 2733 ut
950 2701 1049 2734 non
1091 2693 1190 2733 tam
1214 2684 1347 2733 laudi
1387 2683 1505 2731 mihi
1531 2683 1634 2729 dari

186 2826 205 2847 a
230 2816 304 2847 Non
320 2817 482 2849 ambitiose
498 2819 556 2849 hoc
571 2817 641 2854 dici,
654 2818 760 2858 plures
775 2817 834 2848 loci
851 2817 1019 2854 Ciceronis,
1037 2817 1164 2848 Senecae
1189 2823 1222 2847 et
1246 2817 1382 2850 aliorum
1404 2814 1525 2852 docent,
1544 2819 1637 2856 atque

148 2860 252 2890 omnis
264 2859 342 2890 rau‘o
357 2862 567 2901 grammaticae
583 2868 614 2893 et
629 2861 766 2894 liberalis
782 2860 986 2894 institutionis
1000 2861 1084 2902 apud
1101 2860 1271 2892 Romanos.
