1856 3235
606 188 920 236 ὈΜΗΡΟΥ
954 186 1125 235 ΒΙΟΣ.
1523 188 1614 231 391

128 332 202 378 T&
227 327 292 376 ἐδὲ
314 323 480 374 θανόντι
500 320 629 382 χυτὴν
653 319 720 367 ἐπὶ
738 325 864 380 γαῖαν
889 338 921 365 ε
907 336 1047 378 Λευαν,
1080 315 1211 362 ”Αλλ
1240 315 1321 379 οἵρα
1344 314 1411 362 τόν
1437 333 1485 375 γε
1508 332 1598 362 κυνε
1583 334 1621 368 ς

128 415 172 442 τε
194 394 270 441 καὶ
293 395 410 440 οἰωνοι
400 387 687 446 κατέδαψαν
715 385 938 448 Κει’μενον’
927 403 962 430 εν
985 382 1122 444 πεδιῳ,
1147 383 1272 444 μάλα
1297 380 1378 445 γαρ
1401 380 1517 444 μέγα
1540 382 1618 443 μῆ-

129 479 233 508 σατο
257 461 374 523 ἔργον.
439 451 728 516 'thraoyloev
753 451 792 498 δὲ
829 451 928 505 δηλ
904 469 946 497 3ν
970 449 1088 503 δοκεῖ,
1125 445 1194 494 δια
1233 450 1305 500 τῆς
1329 452 1404 492 τῶν
1426 447 1620 510 μνηςῇρων

131 524 369 580 πλεονεξίας,
403 539 487 583 περι
511 516 559 564 ὡν
592 531 718 577 φησιν·
750 515 900 564 ’‘HS'‘
878 534 986 562 οσσοι
1009 512 1182 579 κραναὴν
1215 513 1379 566 Ἰθάκην
1419 531 1620 558 κατακοι-

130 592 293 657 ρανέ3σι.
360 585 444 639 Την
469 584 510 632 δὲ
533 584 613 644 ὂχλ
602 583 808 648 οκρατίαν
846 583 882 629 ἐν
916 584 968 645 τῇ
991 586 1066 627 τῶν
1091 580 1234 643 Τρώων
1257 578 1449 639 πολιτείᾳ
1479 597 1624 641 παρα-

136 657 301 709 δίδωσιν,
336 654 371 699 ἐν
393 649 421 716 ᾐ
440 650 518 698 καὶ
543 651 803 714 συναράμενοι
827 649 976 700 πάντες
1009 645 1283 709 Ἀλεξάνδρῳ,
1318 648 1464 695 κακοῖς
1503 643 1628 723 περιέ-

133 739 259 769 πεσον.
329 707 469 765 Καὶ“
448 736 468 762 ο
493 717 684 797 Πρίαμος
705 715 946 793 λοιδορεῖται
965 719 1048 766 τοῖς
1069 730 1224 767 παισιν,
1243 712 1294 763 ὦς
1316 710 1445 756 τὲτων
1468 709 1628 762 αἰτίοις·

136 784 358 835 Σπεύσατέ
373 790 445 847 μοι
468 781 589 829 κακοὶ
612 782 749 836 τέκνα,
783 779 1016 838 κατηφόνες.
1089 776 1179 825 Και
1201 777 1332 830 ἄλλος
1371 775 1411 822 δέ
1452 794 1514 828 τις
1553 779 1628 820 τῶν

135 852 275 915 Τρώων
310 850 331 896 ὁ
352 849 634 912 Ἀντιμαχος·
673 845 826 911 Χρυσδν
865 844 1152 907 Ἀλεξάνδροιο
1193 841 1439 905 δεδεγμένος,
1473 837 1626 901 αγλαα

134 917 187 964 δῶ
186 926 249 980 ρα,
289 917 388 962 Οὐκ
411 915 543 975 ειάσγ’
565 913 727 967 Ελένην
751 912 914 975 δόμεναι
938 913 1063 973 ξανθω
1090 910 1300 971 Μενελάῳ

196 981 323 1028 Ἔτι-ει
345 981 386 1028 δὲ
409 1000 456 1028 το
480 978 598 1044 παρα
622 956 837 1044 ἀνθρώποις
861 977 1015 1048 δικαιον
1037 980 1138 1023 τέτο
1179 975 1399 1038 νομίζεται,
1435 992 1483 1019 το
1524 973 1630 1019 απο-

132 1066 337 1111 νεμητικον
362 1047 492 1110 ἑκαςῳ
514 1051 566 1093 τῖς
588 1046 685 1092 κατ’
714 1045 846 1100 αξιάν,
883 1044 917 1090 ἐν
940 1040 974 1105 ᾧ
995 1042 1158 1106 μάλιςά
1182 1042 1237 1091 ἒςι
1271 1039 1319 1088 τδ
1354 1038 1454 1092 3885·
1488 1038 1631 1102 σέβειν,

131 1114 274 1174 γονέας
296 1133 371 1160 και
395 1113 539 1166 οἶκει3ς
561 1115 703 1194 τιμᾷν,
738 1110 807 1164 τὴν
830 1109 902 1173 μὲν
926 1111 978 1162 εἰς
1010 1107 1109 1161 3285
1145 1107 1350 1170 εὐσέβειαν
1387 1107 1422 1153 ἐν
1463 1109 1631 1157 πολλοῖς

134 1180 330 1235 διδάσκει,
366 1179 530 1239 εἰςοίγων
553 1177 627 1231 τὲς
649 1177 776 1242 η’ρωας
799 1176 992 1231 ὃὺοντας,
1027 1195 1102 1221 και
1143 1173 1396 1254 εὐχομὲν3ς,
1405 1191 1480 1218 και
1523 1171 1633 1234 δῶρα

135 1245 410 1298 ανατιῧεντας
448 1250 530 1298 τοῖς
569 1246 690 1299 θεοῖς,
726 1263 809 1289 κατ
839 1242 979 1305 ὕμνοις
1009 1240 1264 1322 γεραίροντας
1290 1237 1432 1293 αὐτὲς,
1467 1257 1540 1283 και
1564 1240 1636 1290 τῆς

133 1311 344 1374 εὐσεβείας
365 1310 544 1374 ἀμοιβὴν
569 1310 957 1373 ἀπολαμβάνοντας
979 1307 1047 1361 τὴν
1071 1325 1188 1369 παρα
1222 1310 1297 1352 τῶν
1336 1305 1473 1352 θεῶν’
1462 1302 1638 1366 επικ3ρί-

135 1395 196 1423 αν.
266 1376 351 1430 Την
375 1376 415 1423 δὲ
439 1376 535 1440 πρὸς
557 1375 630 1429 τὲς
653 1394 890 1438 γεννωμεν3ς
911 1373 1044 1437 τιμὴν,
1081 1391 1116 1419 εν
1147 1375 1205 1434 τῷ
1229 1371 1468 1433 Τηλεμάγ3
1491 1369 1638 1433 προςώ-

136 1461 202 1505 ’τῳ
223 1443 415 1525 μάλιςτα
440 1442 624 1497 δείκνυσι,
659 1462 733 1488 και
759 1460 794 1488 εν
819 1460 873 1494 οις
897 1442 1054 1488 ἐπαινεῖ
1077 1437 1144 1485 τδν
1183 1437 1365 1501 Ὀρέςην·
1402 1437 1502 1483 Οὐκ
1538 1434 1639 1487 αἰἐις

137 1515 213 1554 οιον
235 1508 354 1561 κλεος
375 1508 452 1554 ε’λ7
454 1511 536 1572 αβε
561 1508 670 1561 δῖος’
680 1507 832 1572 Ορεςης
857 1506 1068 1559 Πάντας’
1057 1505 1118 1551 εντ’
1149 1504 1364 1568 ανθρώπες,
1389 1520 1473 1549 επει
1498 1500 1639 1548 ἔκτανε

139 1577 453 1656 πατροφονῆας

208 1638 333 1686 Και’
319 1639 381 1686 ότι
403 1659 452 1686 το
475 1640 813 1704 γηροτροφεῖσθαι
835 1637 910 1691 τὲς
932 1656 1074 1698 γονεας
1099 1634 1180 1682 ὑτδ
1216 1639 1292 1682 τῶν
1332 1634 1487 1680 παίδων
1527 1632 1641 1692 φῦσει

141 1705 309 1762 δίκαιον,
343 1725 419 1752 και
445 1707 484 1760 εξ
507 1706 689 1769 αμοιβης
713 1704 975 1767 ὀφειλόμενον,
1000 1701 1068 1749 δια
1096 1703 1199 1765 μιοῖς
1220 1701 1360 1756 λέξεως
1382 1700 1568 1754 εδηλωσεν
1592 1699 1642 1746 εἶ-

138 1771 236 1817 ἰι-ὧν·
271 1770 384 1818 Οὐδὲ
407 1776 569 1818 τοκεῦσι
595 1771 793 1835 Θρεπτρα
818 1771 896 1829 φι7
899 1789 954 1822 οις
977 1769 1196 1824 απεδωκεν,
1215 1767 1316 1814 αδε7
1317 1771 1396 1826 φῶν
1416 1765 1456 1813 δὲ
1479 1765 1642 1821 εὔνοιαν,

140 1857 216 1884 και
239 1855 345 1887 πιςιν
369 1856 466 1902 προς
489 1838 687 1892 αλληλ3ς,
713 1838 748 1884 ἐν
771 1840 829 1899 τῷ
853 1835 1146 1899 Ἀγαμεμνονι
1169 1853 1244 1880 και
1271 1835 1392 1880 Μενε
1381 1833 1482 1895 Λαῳ·
1517 1831 1644 1891 φιλων

144 1903 220 1950 δὲ’
209 1922 243 1950 εν
266 1903 476 1963 Ἀχιλλεῖ
490 1923 564 1951 και
591 1902 826 1967 Πατροκλῳ
862 1902 1044 1949 δεικνυσι·
1080 1899 1274 1961 γυναικὸς
1311 1899 1350 1946 δὲ
1391 1898 1645 1962 σωφροσύνην,

143 2034 270 2066 sortitus
283 2035 393 2066 fuisset
406 2035 609 2076 sepulturam,
633 2036 689 2067 sil
676 2035 844 2067 Menelaus
859 2035 988 2066 adesset.
1010 2036 1070 2065 hoc
1086 2033 1172 2065 enim
1194 2035 1253 2065 sub
1267 2033 1408 2074 tyrannis
1430 2031 1500 2073 lege
1515 2036 1646 2062 cautum

145 2084 206 2108 δῖε
235 2079 324 2110 Huic
339 2081 477 2120 equidem
494 2091 554 2110 non
578 2081 731 2111 solvzssent
752 2080 905 2120 suajusta
927 2080 1111 2119 propinqui,
1136 2079 1273 2108 Alilz‘bus
1298 2078 1484 2116 canzbusque
1507 2076 1558 2105 sed
1579 2085 1647 2105 esca

135 2120 253 2162 suisset
270 2123 304 2152 in
320 2133 401 2159 arvo,
421 2124 507 2157 Quod
510 2122 649 2164 faunus
665 2129 776 2154 tetrum
791 2122 992 2154 commiserat.
1039 2121 1255 2161 Oligarchiam
1282 2130 1354 2150 vero
1368 2120 1501 2150 innuere
1525 2117 1648 2147 videtur

145 2163 181 2194 in
195 2164 363 2195 ambitioso
377 2175 542 2206 procorum
559 2166 731 2206 praecipuas
745 2165 906 2197 obtinendi
923 2171 1024 2204 partes
1038 2164 1154 2202 studio,
1177 2163 1217 2194 de
1228 2164 1341 2205 quibus
1357 2163 1416 2193 ait:
1439 2164 1541 2202 Atque
1556 2162 1648 2191 Itha-

146 2218 191 2238 cae
206 2209 304 2239 sterili
314 2215 456 2250 quotquot
473 2210 673 2240 dominantur
689 2212 804 2250 inique.
849 2209 957 2240 Plebis
978 2218 1052 2239 vero
1066 2207 1234 2248 imperium
1251 2207 1285 2237 in
1308 2207 1520 2247 Trojanorum
1536 2205 1649 2244 repub-

146 2250 210 2281 lica
225 2250 354 2287 tradit,'
345 2262 379 2282 in
394 2262 457 2293 qua
471 2262 581 2283 omnes
596 2252 781 2284 Alexandro
796 2252 1000 2283 assentientes
1019 2251 1112 2282 malis
1137 2250 1283 2291 impliciti
1307 2256 1391 2281 sunt.
1434 2248 1478 2279 Et
1503 2247 1653 2279 Priamus

149 2293 232 2324 filios
253 2304 326 2325 suos
341 2300 491 2336 tanquam
506 2296 620 2326 horum
630 2302 773 2327 auctores
788 2295 944 2337 increpat:
971 2296 1184 2326 Accersivistis
1201 2296 1281 2325 mala
1299 2296 1350 2329 mi,
1363 2293 1472 2324 soboles
1487 2293 1649 2322 scelerata.

149 2337 238 2373 Quin
253 2343 284 2367 et
299 2337 380 2369 alius
392 2338 521 2379 quidam
537 2338 750 2379 Trojanorum
761 2340 980 2374 Antimachus
998 2340 1086 2370 Auro
1098 2340 1136 2369 ab
1152 2339 1328 2370 Alexandro
1340 2342 1511 2376 corruptus,
1527 2344 1650 2365 munere

145 2381 239 2418 claro,
257 2382 426 2413 Dissumlet
440 2383 626 2413 reddendam
644 2384 797 2414 Helenam
803 2385 891 2424 flavo
908 2384 1069 2414 Menelao.

194 2423 460 2465 Quandoquidem
487 2435 560 2456 vero
574 2425 606 2456 id
621 2425 704 2464 apud
730 2426 876 2457 homines
895 2426 1019 2467 justum
1035 2430 1187 2461 censetur,
1213 2423 1340 2465 quando
1365 2421 1581 2464 unusquisque
1595 2429 1651 2460 pro

149 2476 207 2497 sua
220 2467 277 2508 dig
278 2467 375 2498 nitate
391 2475 547 2504 tractatur,
575 2474 606 2499 et
620 2479 720 2509 quum
734 2469 809 2500 deos
834 2479 870 2500 ac
892 2474 1035 2509 parentes
1049 2468 1158 2504 colere,
1185 2478 1220 2498 ac
1236 2467 1406 2498 familiares
1430 2466 1463 2496 in
1479 2465 1583 2505 precio
1598 2465 1653 2494 ha-

148 2510 230 2546 bere,
247 2511 411 2550 praecipuae
425 2511 510 2542 illius
524 2513 640 2551 specics
655 2512 728 2548 sint.
742 2513 889 2552 pietatem
900 2512 1028 2554 quidem
1044 2522 1118 2553 erga
1133 2511 1230 2542 deos
1221 2521 1256 2541 in
1268 2510 1378 2541 multis
1392 2509 1491 2543 docet,
1511 2509 1563 2539 ubi
1583 2508 1650 2537 He-

150 2562 220 2583 roas
230 2563 296 2584 rem
309 2554 448 2585 divinam
465 2561 497 2585 et
512 2562 583 2586 vota
599 2554 757 2591 facientes,
774 2555 858 2586 dona
871 2555 931 2587 diis
946 2555 1120 2591 offerentes,
1137 2565 1174 2586 ac
1189 2554 1316 2596 hymnis
1330 2564 1383 2585 eos
1397 2550 1611 2584 celebrantes'
1603 2561 1650 2580 m-

150 2595 246 2632 ducit,
257 2597 397 2638 dumque
408 2609 465 2638 pro
479 2598 600 2637 pietatis
614 2599 867 2630 remuneratione
882 2608 901 2630 a
912 2599 972 2630 diis
986 2599 1141 2630 auxilium
1153 2604 1321 2638 reportant.
1366 2597 1534 2627 Honorem
1546 2600 1653 2624 autem

151 2648 226 2679 erga
240 2641 481 2682 progenitores
473 2653 506 2672 in
523 2642 705 2672 Telemachi
727 2652 860 2682 persona
883 2642 1038 2682 praecipue
1062 2641 1206 2673 ostendit.
1251 2641 1295 2672 Et
1317 2641 1350 2671 in
1365 2640 1482 2681 quibus
1507 2638 1654 2668 Orestem

149 2682 320 2714 collaudat:
344 2686 498 2727 Inclytus‚
512 2687 645 2726 insignis
659 2696 720 2716 non
735 2688 827 2717 audis
841 2697 933 2727 quam
946 2687 985 2717 sit
1005 2687 1128 2722 Orestes,
1147 2686 1346 2726 Excellatque
1369 2685 1503 2715 homines
1517 2687 1649 2714 cunctos,

154 2728 235 2766 quod
249 2729 290 2757 sit
300 2730 402 2766 patris
416 2731 510 2760 ultor.
506 2729 521 2750 ⁹

196 2767 251 2798 Ad
265 2769 339 2806 haec,
355 2771 440 2812 quod
455 2783 474 2802 a
489 2778 601 2802 natura
613 2771 744 2812 justum,
761 2778 792 2802 et
803 2782 841 2803 ex
857 2771 1108 2803 remuneratione
1122 2771 1263 2803 debitum
1280 2771 1326 2805 sit,
1343 2777 1378 2800 ut
1393 2773 1537 2809 parentes
1551 2775 1657 2796 senec-

152 2817 220 2842 tute
234 2781 374 2844 confecti
381 2825 400 2845 a
415 2815 520 2846 liberis
534 2815 706 2851 foveantur,
725 2826 778 2854 per
793 2816 920 2846 unicam
936 2826 1042 2846 vocem
1059 2815 1139 2854 expl.
1144 2815 1208 2845 cuit
1222 2815 1336 2845 dicens.
1385 2814 1431 2843 Ν
1426 2824 1452 2843 c
1467 2814 1539 2841 dum
1556 2811 1660 2840 cham

149 2857 327 2893 parentibus
338 2867 395 2896 pro
410 2861 591 2890 educatione
608 2860 748 2898 precium
769 2861 961 2898 persolverat
1006 2860 1152 2889 Fratrum
1167 2865 1274 2888 autern
1291 2854 1549 2888 benevolentiam,
1574 2859 1606 2882 et
1620 2852 1656 2881 fi-

150 2895 224 2928 dem
246 2897 327 2929 inter
341 2910 414 2938 sese,
438 2902 470 2932 in
489 2903 734 2942 Agamemnone
748 2908 779 2932 et
797 2901 966 2933 Menelao·
988 2902 1163 2933 amicorum
1180 2912 1252 2932 vero
1274 2901 1308 2931 in
1327 2898 1450 2929 Achille
1465 2903 1496 2928 et
1512 2895 1657 2927 Patroclo
