1856 3235
0 2884 1 2915 }

0 2939 2 2971 >

0 2994 3 3076 ἱ

0 3081 4 3171 l

0 3185 5 3235 Ι

541 219 1101 271 PROLEGOMENA.
1485 224 1580 267 249

95 356 187 403 ista
209 371 261 404 re
285 369 479 419 operam
501 352 684 408 lusisse,
721 351 806 399 sed
841 351 985 398 etiam
1021 356 1173 396 artem
1207 351 1365 411 poetae
1400 357 1451 398 et
1484 350 1577 399 alia

96 421 317 484 quaedam
341 419 577 466 illustrare
601 433 851 481 aggressos
876 432 994 472 esse,
1031 431 1091 462 ex
1118 414 1332 462 Platonis
1367 415 1491 464 Ione
1524 424 1576 465 et

95 483 625 547 memorabili-quodam
651 483 764 530 loco
793 480 1069 529 Aristotelis
1095 479 1318 542 conjicio,
1344 479 1394 527 in
1420 498 1516 544 quo
1540 484 1584 529 οἱ

95 552 260 615 άξχαῑοι
282 548 502 612 Ὁμηρικοὶ
524 556 772 605 notantur,
809 556 1039 611 tanquam
1064 545 1237 594 nobilis
1262 545 1383 593 ordo
1407 546 1575 595 docto-

91 633 198 664 rum
222 616 486 670 hominum‚
511 614 563 660 in
586 614 917 661 minutissimis
941 610 1227 660 haerentium
1252 611 1388 674 quasi
1412 610 1575 661 Maso-

93 681 280 729 rethica
303 696 419 727 cura
437 691 468 726 ²¹.

159 745 310 793 Paulo
344 745 516 805 melius
550 753 693 793 aetate
730 745 926 793 Periclis
960 744 1009 791 in
1034 742 1436 807 interpretatione
1473 741 1577 790 Ho-

92 811 211 859 meri
236 810 502 859 elaborasse
517 811 746 858 videntur
771 810 1022 874 Sophistae,
1040 810 1122 872 qui
1144 809 1320 864 omnia,
1342 824 1450 872 quae
1468 814 1575 855 tum

86 876 273 924 liberali
297 876 459 924 studio
483 877 632 939 digna
653 875 970 931 habebantur,
1007 875 1070 922 ad
1101 873 1403 937 disciplinam
1439 890 1575 921 suam

88 942 310 1006 redigere
334 941 477 999 soliti,
503 958 565 990 ne
588 941 906 1006 grammatica
928 940 1124 1004 quidem
1149 947 1395 1003 praecepta
1418 947 1469 986 et
1492 956 1576 1003 op-

85 1008 314 1056 timorum
338 1012 593 1072 poetarum
615 1006 880 1055 lectionem
905 1006 993 1053 sibi
1012 1005 1356 1069 negligendam
1374 1013 1576 1068 putave-

85 1081 216 1121 runt.
287 1073 365 1121 Ita
389 1073 650 1121 Prodicum
672 1072 880 1136 legimus
904 1071 965 1118 de
988 1072 1116 1119 veris
1138 1070 1460 1134 potestatibus
1493 1087 1576 1118 vo-

86 1139 370 1188 cabulorum
394 1147 445 1187 et
468 1139 621 1186 causis
645 1154 809 1185 earum
835 1137 1076 1184 subtiliter
1099 1136 1411 1200 disputasseb,
1436 1136 1576 1184 item-

84 1221 178 1269 que
204 1205 518 1268 Protagoram
543 1212 594 1251 et
617 1203 793 1251 Eleum
819 1202 1052 1266 Hippiam
1076 1218 1133 1249 ea
1149 1201 1292 1265 plane
1310 1202 1577 1250 instituisse

87 1278 312 1326 tractare,
351 1287 459 1334 quae
495 1269 690 1334 propria
736 1276 850 1316 sunt
896 1268 1056 1315 doctae
1100 1267 1517 1331 interpretationis
1541 1273 1574 1315 ⁰.

91 1336 251 1393 Quam
274 1335 485 1384 feliciter
507 1334 593 1391 illi,
631 1351 846 1398 quaerere
871 1333 992 1380 nihil
1015 1332 1208 1381 attinet.
1279 1333 1405 1380 Nam
1431 1332 1576 1396 primi

87 1410 291 1450 conatus
314 1400 434 1449 tales
458 1417 533 1448 res
558 1401 619 1448 ad
641 1400 1019 1464 praeceptionem
1038 1399 1152 1446 artis
1170 1398 1433 1446 revocandi
1452 1398 1576 1446 adeo

86 1475 200 1516 sunt
223 1466 457 1524 difficiles,
495 1474 551 1514 ut
574 1466 770 1514 summis
794 1465 1004 1529 ingeniis
1027 1465 1078 1511 in
1101 1464 1159 1511 iis
1182 1463 1278 1511 labi
1311 1463 1460 1512 liceat
1491 1464 1577 1512 ho-

85 1541 239 1590 neste,
258 1549 366 1596 quae
383 1549 482 1580 uno
499 1531 677 1580 saeculo
691 1538 802 1594 post
820 1532 902 1578 vix
918 1530 1100 1578 tirones
1118 1530 1317 1593 impune
1336 1529 1575 1577 nesciant.

84 1600 196 1656 Quo
222 1615 283 1646 ex
306 1614 489 1662 genere
511 1597 634 1644 illud
657 1604 743 1653 est,
782 1596 915 1660 quod
939 1596 1000 1643 de
1024 1612 1114 1642 usu
1138 1595 1410 1659 imperativi
1443 1596 1576 1644 modi

85 1666 343 1714 verborum
367 1663 602 1728 praecepit
627 1663 931 1726 Protagoras,
968 1660 1330 1725 reprehendens
1364 1667 1570 1725 politam,

86 1730 220 1796 quod
265 1729 461 1777 Musam
495 1727 829 1776 immodestius
864 1727 1117 1775 invocarit.
1189 1725 1425 1790 Hippiam
1459 1743 1577 1774 vero

86 1797 232 1845 etiam
261 1796 313 1843 in
350 1795 445 1843 suis
480 1795 704 1850 ἐπιδειξεσιν
738 1793 870 1857 apud
906 1792 1159 1840 Platonem
1194 1792 1246 1839 in
1282 1792 1577 1856 cognomine

86 1861 281 1926 dialogo
305 1861 374 1908 ita
397 1861 728 1924 disputantem
762 1859 984 1907 videmus
1021 1859 1082 1906 de
1119 1857 1340 1905 Homero
1375 1857 1576 1922 aliisque

82 1927 255 1992 poetiS,
281 1934 338 1975 ut
360 1927 422 1974 ad
447 1926 774 1974 dubitationes
799 1931 849 1973 et
868 1924 1159 1988 quaestiones
1179 1923 1240 1971 de
1259 1923 1452 1971 illorum
1472 1940 1578 1972 sen-

84 1993 269 2050 tentiis,
291 1992 552 2040 virtutibus
576 1999 627 2039 et
648 1991 777 2038 vitiis
811 1990 1144 2054 responderet.
1213 1989 1361 2037 Unde
1395 1990 1578 2053 perspi-

89 2074 236 2107 cuum
260 2065 347 2113 est,
373 2056 653 2122 vrgossk‘qpooera
677 2073 763 2104 seu
780 2057 958 2120 α’,ποξίας
983 2063 1033 2102 et
1046 2055 1178 2108 λύσεις
1191 2053 1311 2110 illas,
1332 2054 1382 2101 in
1403 2055 1578 2118 quibus

85 2131 256 2188 postea
270 2123 446 2172 eruditi
461 2123 643 2170 alumni
653 2120 968 2169 AlexandrIae
983 2127 1237 2184 tantopere
1251 2119 1578 2168 laborabantd.

77 2191 181 2254 jam
204 2189 255 2236 in
278 2188 675 2252 philosophorum
700 2196 749 2235 et
774 2187 1107 2250 Sophistarum
1131 2185 1308 2233 scholis
1344 2186 1579 2234 celebrari

88 2254 307 2319 coepisse.
375 2254 483 2302 Nec
501 2254 696 2302 aliunde
712 2252 938 2301 ducenda
953 2260 1067 2300 sunt
1083 2251 1222 2299 initia
1236 2251 1393 2300 critici
1412 2251 1577 2309 studii,

89 2320 221 2385 quod
243 2319 360 2385 ipsae
383 2319 479 2367 illae
502 2320 669 2384 ἀπορίαι
694 2319 859 2366 multis
882 2319 931 2365 in
956 2318 1079 2366 locis
1104 2334 1413 2366 commovere
1436 2326 1579 2382 potu-

88 2393 247 2435 erunt.

156 2453 285 2501 Duae
331 2451 613 2515 hujusmodi
659 2449 1024 2498 emendationes
1071 2457 1331 2514 supersunt
1380 2448 1579 2514 Hippiae

132 2594 152 2614 a
173 2583 350 2624 Metaphys.
366 2583 450 2614 XII.
466 2593 494 2622 p.
511 2584 581 2614 450.
599 2582 636 2613 B.
663 2581 779 2612 Duval.
796 2581 908 2624 (XIV.
924 2581 1015 2622 extr.)
1042 2580 1125 2611 Puto
1139 2581 1224 2611 enim
1240 2590 1313 2612 cum
1332 2580 1507 2622 Sylburgio,
1532 2580 1578 2611 lo-

90 2636 163 2658 cum
186 2627 272 2658 hunc
288 2626 327 2657 de
352 2625 588 2661 enarratoribus,
615 2635 677 2655 non
694 2625 733 2655 de
748 2624 954 2655 imitatoribus
978 2624 1113 2654 Homeri
1137 2623 1380 2666 intelligendum
1405 2634 1480 2654 esse.
1527 2623 1579 2653 Sic

91 2676 123 2701 et
145 2670 288 2700 Eustath.
311 2680 340 2708 p.
368 2673 441 2700 260.
459 2668 547 2708 ponit
563 2669 627 2703 τοὺς
641 2668 819 2712 Ὁμηρικούς.

132 2713 153 2744 b
175 2712 267 2744 Plato
283 2712 408 2743 Charm.
423 2723 451 2751 p.
472 2715 539 2743 163.
556 2711 597 2741 D.
615 2712 703 2742 Men.
719 2722 747 2750 p.
765 2714 814 2742 75.
831 2710 869 2740 E.
891 2709 1005 2750 Cratyl.
1021 2720 1048 2750 p.
1065 2713 1139 2741 584.
1157 2710 1195 2741 Β.

132 2766 152 2786 c
174 2754 226 2786 De
242 2757 409 2796 Protagora
425 2765 452 2785 v.
472 2755 600 2785 Aristot.
617 2754 704 2785 Po'et.
729 2758 775 2785 19.
793 2755 912 2784 Contra
935 2752 1019 2794 quod
1035 2753 1188 2793 scripsisse
1202 2751 1316 2783 deinde
1341 2750 1578 2786 Grammaticos,

90 2805 227 2839 arguunt
244 2798 358 2829 Scholl-
377 2805 408 2828 et
423 2798 511 2828 Eust.
535 2809 562 2837 p.
581 2801 628 2828 lo.
652 2798 703 2827 De
720 2797 842 2835 Hippia
861 2795 942 2827 Plat.
964 2796 1062 2836 Hipp.
1079 2797 1130 2827 II.
1146 2806 1190 2835 pr.
1208 2796 1274 2826 Cic.
1297 2795 1336 2825 de
1354 2793 1408 2825 Or.
1434 2794 1503 2824 111.
1517 2797 1578 2828 52..

91 2842 145 2872 ubi
166 2841 212 2872 illi
227 2841 374 2872 tribuitur
393 2841 530 2881 cognitio
551 2841 721 2880 poetarum,
745 2840 949 2881 universeque
971 2839 1010 2870 de
1027 2840 1179 2881 Sophistis
1203 2839 1330 2871 Isocrat.
1354 2837 1526 2869 Panathen.
1551 2846 1579 2875 p.

90 2887 160 2916 436.
176 2888 247 2916 446.
264 2884 303 2914 Τ.
322 2885 371 2915 11.
389 2886 506 2925 Auget.

132 2927 154 2958 d
177 2927 342 2968 Porphyrii
359 2927 460 2958 Schol.
476 2927 515 2958 ad
534 2927 572 2958 Il.
588 2926 613 2958 ι’.
629 2930 701 2958 684.

145 2988 233 3024 VoL.
258 2989 302 3023 V.
820 2986 835 3020 1
861 2985 871 3018 i
