1856 3235
199 222 292 264 386
651 213 962 260 ‘OMHPOY
997 213 1162 260 ΒΙΟΣ.

207 350 320 398 Αἴας
343 344 397 400 δὲ,
421 346 535 391 οἴκει-8
552 342 624 407 μὲν
645 343 721 391 καὶ
743 345 896 398 ἱκεσιας
919 343 1003 391 ἐδὲν
1043 345 1185 400 έδεηθη,
1225 343 1428 426 παῤῥησιά
1462 345 1503 391 δέ
1537 347 1688 409 χρησά-

206 431 333 475 μενος,
358 414 550 466 καθελεῖν,
565 409 613 457 τό
637 410 818 490 φρόνημα
841 415 894 456 τέ
915 410 1154 470 Ἀχιλλέως
1169 410 1318 470 διέγνω,
1335 409 1392 457 τοὶ
1414 409 1486 472 μὲν
1511 412 1700 491 εὐκαίρως

209 477 479 531 ἐπιπληττων,
503 474 561 523 τοὶ
585 476 625 524 δὲ
649 477 811 536 εὐγενῶς
834 480 1101 539 παρακαλῶν,
1139 495 1202 522 ινα
1237 476 1295 539 μὴ
1327 476 1469 529 τελέως
1492 477 1700 540 παροξύνῃ.

211 542 340 590 Οὕτω
350 540 446 624 γὰρ
479 542 627 605 η’ρμοζε
660 561 718 588 τω
758 545 829 595 τῆς
863 542 1002 604 ἀρετης
1035 541 1307 603 μετειληφότι.

273 606 383 671 Πρός
405 608 444 654 δὲ
461 608 588 654 τὲτων
612 607 708 656 {na-‚-
693 625 753 652 -ον
777 606 798 652 6
818 605 1089 666 Ἀχιλλευς’
1070 625 1382 687 αποκριναμενος
1365 643 1395 662 ,
1418 607 1508 661 ἦθος
1531 611 1702 667 γενναῖον

209 674 308 736 α’μα
331 672 407 720 καὶ
429 673 565 719 απλέν
589 671 782 735 ἐμφαίνει.
851 674 950 724 Τοῖς
971 690 1042 734 μεν
1065 669 1148 734 γὰρ
1167 672 1311 725 ἄλλοις
1326 674 1571 732 ἐλεγκτικῶς
1592 673 1705 735 ἅμα,

208 760 281 786 και
305 738 615 802 μεγαλοφρόνως
639 736 853 797 αντιλέγει,
879 737 1020 789 αἰτίας
1042 736 1213 817 εὐλ6γ8ς
1253 757 1324 790 της
1360 738 1476 801 ὀργῆς
1513 736 1702 802 παριςοὶς,

212 809 364 852 Αἴαντι
389 803 428 850 δὲ
453 805 740 863 ἀπολογεῖται,
763 822 838 849 και
861 802 1069 848 Ὀδυσσεῖ
1083 801 1154 864 μὲν
1179 802 1250 861 ε’φη
1274 804 1618 850 ἀποπλεύσεσθαι
1653 823 1703 867 τῃ

211 870 389 934 ὑςεραιά,
414 869 709 931 καμπτόμενος
732 868 771 914 δέ
795 886 880 920 πως
903 873 994 920 ταῖς
1020 868 1210 920 Φοίνικος
1244 868 1406 923 δεησεσι,
1447 869 1710 932 βελευεσῧαί

212 948 305 994 φησι
329 953 415 998 περι
439 939 492 980 τέ
515 934 702 980 απόπλ8·
727 932 933 986 έκνικηθεις
956 933 996 979 δε
1029 931 1110 979 ὑπὸ
1143 937 1215 986 τῆς
1254 937 1433 987 Αιαντος
1468 933 1706 997 παρρησίας,

214 1003 521 1081 ἐξομολογεῖται
545 1019 628 1045 παν
653 998 673 1044 ὃ
696 999 837 1060 μέλλει
862 999 1047 1053 ποιησειν,
1072 997 1133 1044 ὅτι
1152 1001 1177 1046 8
1194 999 1375 1062 πρότερον
1399 999 1561 1054 ἔξεισιιΓ
1550 1018 1615 1046 επι
1639 998 1707 1046 τᾶν

212 1066 404 1147 π6λεμον,
429 1084 516 1128 πριν
542 1065 590 1110 ἄν
617 1063 637 1109 6
662 1064 865 1143 “Εκτωρ’
854 1082 919 1110 επι
944 1083 1023 1116 τας
1046 1080 1194 1117 σκηνας
1217 1066 1326 1110 αὐτὲ
1348 1084 1422 1111 και
1445 1084 1524 1118 τας
1546 1069 1641 1118 ναῦς
1659 1065 1707 1111 ἀ-

214 1132 398 1190 φίκηται,
423 1129 495 1182 τές
519 1128 677 1181 πολλὲς
699 1134 774 1174 τῶν
806 1129 970 1182 ἑλληνων
1004 1129 1246 1181 ἀπεκτονώς.
1309 1131 1439 1176 ’Ένθα
1474 1129 1610 1188 φασιν,
1647 1128 1709 1176 ὅτι

212 1214 361 1277 καιπερ
385 1195 564 1258 ἐκθύμως
586 1194 820 1257 μαχόμενον
843 1213 910 1240 τον
925 1194 1115 1256 ’Έκτορα
1138 1194 1380 1241 παύσεσθαι
1404 1195 1573 1277 νομίζωέ
1621 1194 1710 1241 Και

214 1259 297 1325 γοὶρ
319 1265 419 1307 τέτο
443 1260 708 1344 προειρημένον
731 1259 938 1323 πρόςῧεν’
917 1279 997 1307 υπο
1021 1264 1074 1306 τέ
1094 1258 1341 1315 Ὀδυσσέως,
1377 1260 1465 1324 περὶ
1486 1265 1538 1307 ⁴r8
1561 1261 1708 1314 ένςῆναι

214 1330 267 1390 τῇ
292 1327 392 1390 ὁρμῇ
416 1330 468 1372 τέ
483 1327 698 1389 “Εκτορος,
725 1325 940 1379 ἀντ-έθηκεν.

278 1393 354 1439 Ἐν
379 1391 418 1438 δε
443 1398 524 1445 τοῖς
547 1395 599 1438 7‘8
624 1391 814 1444 Φοινικος
834 1390 974 1451 λόγοις
989 1389 1149 1438 κακεῖνο
1173 1391 1393 1455 παρίςησιν,
1417 1389 1479 1438 ὅτι
1513 1391 1632 1452 τέῃιη
1650 1392 1711 1439 ἐσ-

215 1477 274 1505 τιν
298 1460 320 1512 ἦ
344 1456 535 1522 ῥητορικη.
605 1456 718 1510 Φησι
742 1476 823 1520 γαρ
845 1460 903 1520 τῷ
926 1457 1141 1517 Ἀχιλλεῖ·
1177 1457 1304 1504 Διὸτι
1327 1456 1565 1535 παρέλαβόν
1587 1475 1629 1504 σε
1653 1458 1713 1511 νή-

215 1543 303 1570 πιον
322 1524 411 1570 έπω
435 1523 571 1570 εἰδόθ’
588 1522 719 1586 ὁμοιΐει
754 1522 949 1586 πολέμοιο
977 1521 1083 1569 Οὐδ’
1122 1523 1305 1588 ἀγορέων,
1338 1523 1400 1569 ι’να
1424 1521 1460 1570 τ’
1499 1523 1630 1586 ἄνδρες
1663 1523 1712 1569 ἀ-

216 1589 416 1654 ριπεπρέες
438 1589 628 1636 τελέθεσι·
665 1589 829 1635 Τένεκα
852 1607 904 1652 με
928 1588 1091 1652 προέηκε
1114 1588 1402 1669 διδασκέμεναι
1425 1589 1525 1635 ταδε
1555 1607 1712 1669 παντα,

222 1655 372 1702 Μὺθων
395 1673 439 1702 τε
463 1654 586 1718 ῥητηρ’
612 1654 760 1717 ἐ’μεναι,
796 1654 1005 1718 πρηκτῆρα
1038 1673 1082 1700 τε
1113 1654 1242 1718 ἔργων.
1308 1653 1380 1701 Ἐν
1415 1674 1471 1708 οις
1503 1674 1578 1700 και
1611 1658 1714 1700 τέτο

218 1719 452 1768 δεικνυσιν’
430 1739 491 1766 οτι
515 1740 537 1774 η
561 1725 636 1767 τῶν
657 1719 788 1780 λόγων
812 1720 982 1783 δύναμις
1003 1721 1168 1782 μαλιςα
1191 1739 1264 1773 τ8ς
1285 1719 1432 1783 ἄνδρας
1460 1718 1630 1772 εὐκλεεῖς
1663 1720 1712 1766 ἀ-

216 1787 480 1850 περγάζεται.

284 1852 381 1930 Ἐςι
404 1851 444 1898 δὲ
466 1872 540 1898 και
565 1852 599 1897 ἐν
623 1851 682 1896 οἵλ
682 1860 768 1903 λοις
790 1856 958 1904 πολλοῖς
979 1853 1052 1904 τῆς
1074 1851 1263 1904 ποιησεως
1285 1851 1426 1904 τόποις
1454 1849 1565 1914 εὑρεῖν
1587 1850 1717 1911 λ6γ8ς

220 1937 291 1971 της
315 1916 516 1981 ῥητορικῆς
538 1917 678 1976 τέχνης
702 1935 716 1962 ε
719 1935 903 1979 Λομεν8ς,
928 1935 1000 1962 και
1025 1935 1289 1980 κατηγοριας,
1313 1936 1387 1962 και
1412 1917 1648 1976 ἀπολογιας
1672 1915 1715 1962 ὑ-

216 2049 357 2080 cessitate
372 2047 586 2079 calamitatum
603 2048 713 2077 urbem
737 2045 964 2083 invadentium,
981 2046 1021 2077 ad
1035 2046 1174 2077 hostium
1200 2046 1264 2076 vim
1280 2045 1526 2086 propulsandam
1541 2055 1648 2077 versus
1663 2052 1719 2076 est.

217 2093 264 2122 At
279 2091 361 2131 Ajax
378 2101 479 2132 neque
494 2090 772 2126 commiseratione,
788 2099 890 2130 neque
917 2089 1143 2129 supplicatione
1158 2089 1217 2120 sibi
1238 2100 1317 2128 opus
1331 2099 1398 2120 esse
1413 2096 1534 2129 putans,
1551 2089 1605 2120 sed
1619 2089 1715 2119 liber-

218 2140 282 2165 tate
297 2134 422 2164 dicendi
437 2145 521 2168 usuS,
539 2133 672 2164 Achillis
688 2133 880 2164 ferocitatem
897 2132 983 2163 illam
1000 2132 1174 2172 deprimere
1188 2132 1344 2163 decrevit:
1369 2133 1488 2182 partim·
1499 2132 1626 2182 quidem
1643 2141 1718 2163 eum

220 2184 396 2217 opportune
411 2177 590 2217 objurgans,
607 2177 720 2216 partim
737 2186 809 2206 vero
814 2185 974 2224 generose
988 2177 1164 2214 obsecrans,
1185 2186 1226 2206 ne
1240 2186 1315 2207 eum
1335 2175 1465 2206 tandem
1479 2175 1621 2206 irritaret.
1667 2174 1719 2205 Sic

218 2220 303 2251 enim
320 2220 349 2250 ei
364 2220 574 2255 conveniebat,
591 2220 645 2268 qui
661 2218 771 2250 eadem
793 2218 908 2249 virtute
930 2218 1073 2258 pollebat.

264 2263 392 2293 Horum
408 2269 515 2293 autem
531 2262 702 2303 unicuique
718 2261 860 2292 Achilles
874 2261 1076 2301 respondens,
1092 2271 1194 2292 mores
1209 2271 1375 2302 generosos
1389 2267 1420 2292 et
1435 2261 1592 2301 simplices
1607 2271 1671 2300 prae
1686 2270 1719 2292 se

218 2306 289 2337 fert.
335 2305 417 2336 Aliis
433 2316 569 2346 namque
584 2311 694 2346 argute
709 2304 804 2335 simul
819 2309 851 2334 et
872 2304 1039 2345 magnifice
1061 2304 1259 2342 contradicit,
1282 2304 1359 2335 dum
1383 2304 1557 2344 probabiles
1578 2304 1633 2334 irae
1654 2313 1720 2334 suae

218 2359 329 2380 causas
344 2348 478 2379 adducit.
525 2349 617 2389 Ajaci
632 2354 739 2378 autem
755 2358 787 2377 se
803 2353 926 2387 purgat.
971 2347 1020 2378 Ac
1045 2347 1150 2387 Ulyssi
1170 2347 1298 2388 quidem
1315 2347 1365 2383 ait,
1381 2358 1414 2378 se
1429 2353 1551 2386 postera
1565 2347 1616 2378 die
1631 2347 1721 2378 navi-

218 2393 275 2433 gio
297 2392 331 2422 in
353 2392 485 2431 patriam
508 2398 731 2422 remeaturum.
776 2390 887 2426 Quum
909 2396 1015 2420 autem
1038 2391 1180 2430 precibus
1198 2390 1357 2421 Phoenicis
1372 2390 1516 2421 nonnihil
1532 2389 1717 2423 flecteretur,

221 2435 265 2466 ait
280 2445 312 2465 se
327 2434 366 2465 de
381 2434 499 2465 classe
491 2445 525 2465 m
541 2434 672 2474 patriam
687 2433 783 2464 reduc
786 2432 867 2463 enda
881 2433 1047 2463 consilium
1063 2444 1180 2472 capere.
1227 2433 1333 2474 Ajacis
1355 2443 1429 2464 vero
1450 2432 1593 2464 libertate
1615 2440 1721 2464 motus

220 2478 359 2518 ingenue
375 2477 489 2508 fatetur
503 2476 652 2517 quicquid
666 2476 806 2507 facturus
821 2482 899 2506 erat:
927 2475 1013 2516 quod
1027 2476 1144 2507 scilicet
1159 2486 1223 2506 non
1239 2483 1312 2507 ante
1332 2476 1366 2506 in
1388 2476 1534 2516 praelium
1555 2475 1720 2507 descensu-

220 2531 274 2551 rus
291 2527 378 2555 esset,
395 2531 489 2560 quam
509 2521 627 2550 Hector
642 2519 681 2550 ad
698 2519 832 2550 tentoria
846 2518 944 2558 ipsius
958 2525 990 2550 et
1009 2530 1111 2555 naves,
1135 2519 1244 2550 multis
1259 2520 1444 2551 Graecorum
1465 2519 1591 2554 necatis,
1616 2529 1721 2558 perve-

219 2564 324 2594 nisset.
372 2563 433 2594 Ubi
450 2564 544 2594 etiam
560 2563 644 2597 dicit,
660 2573 693 2592 se
707 2563 877 2593 Hectorem
893 2563 1095 2602 quantumvis
1110 2563 1143 2593 in
1159 2573 1266 2603 pugna
1280 2563 1426 2597 ferocem.
1442 2561 1624 2593 sedatururn
1645 2573 1721 2594 esse.

222 2608 330 2647 Atque
344 2607 403 2636 hoc
419 2606 466 2636 illi
484 2606 604 2647 Ulyssis
618 2606 703 2636 dicto
718 2606 869 2645 opposuit,
885 2615 948 2646 quo
963 2616 1036 2637 eum
1052 2605 1233 2637 adhortatus
1248 2611 1321 2642 erat,
1344 2611 1381 2636 ut
1396 2605 1544 2636 Hectoris
1564 2605 1720 2644 impetum

218 2650 411 2689 reprImeret.

266 2693 305 2723 In
322 2692 480 2723 Phoenicis
494 2697 599 2722 autem
616 2692 757 2722 oratione
772 2696 803 2722 et
818 2690 898 2721 illud
913 2692 1046 2728 exhibet,
1063 2691 1148 2733 quod
1165 2691 1333 2722 Rhetorica
1346 2691 1386 2721 sit
1396 2701 1454 2721 ars.
1478 2690 1554 2721 dicit
1568 2690 1654 2722 enim
1671 2691 1718 2722 A·

220 2736 322 2766 chilli:
347 2738 469 2767 Idcirco
481 2746 611 2775 puerum
627 2741 663 2770 te,
681 2746 736 2765 nec
747 2745 840 2774 grave
856 2735 970 2766 filardis
982 2747 1065 2770 onus,
1078 2746 1132 2767 nec
1152 2737 1260 2766 Concio
1282 2735 1358 2774 quid
1375 2739 1480 2773 posset,
1501 2745 1644 2774 gnarum,
1667 2746 1719 2766 ac-

221 2781 288 2818 cepi
302 2781 514 2810 erudiendum.
561 2777 820 2817 IVamquefor-um
835 2779 963 2808 celebrat
980 2780 1096 2813 multos,
1119 2779 1277 2818 redditque
1299 2778 1406 2808 beatos.
1449 2778 1570 2808 Idcirco
1593 2779 1720 2818 inquam

220 2824 316 2859 misit,
335 2828 366 2852 ut
383 2824 448 2852 ltaec
463 2828 491 2852 ec
506 2828 617 2852 cuncta
633 2823 776 2855 docerem,
809 2822 848 2851 Ut
871 2822 1093 2861 dicendosbres
1108 2823 1219 2856 clarus,
1243 2821 1384 2859 bellisque
1397 2822 1548 2859 gerendis.
1594 2820 1635 2850 In
1651 2820 1720 2861 qui-

221 2866 280 2895 bus
295 2871 325 2894 et
342 2866 399 2895 hoc
416 2865 528 2898 innuit¹
548 2863 632 2904 quod
646 2862 770 2893 dicendi
788 2862 919 2893 facultas
935 2864 1130 2901 potissimum
1149 2863 1228 2893 viros
1243 2863 1377 2893 illustres
1393 2862 1494 2893 faciat.

264 2908 321 2938 Est
337 2914 442 2938 autem
459 2914 490 2938 et
504 2908 536 2937 in
553 2906 621 2938 aliis
635 2905 742 2937 multis
756 2907 884 2946 poiiseos
900 2906 983 2936 illius
999 2906 1074 2938 locis
1094 2907 1234 2937 invenire
1255 2905 1411 2937 orationes
1432 2905 1618 2936 rhetoricam
1641 2905 1720 2945 sapi·

938 2964 958 2990 4
