1856 3235
578 208 900 259 ὈΜΗΡΟΥ
932 206 1198 258 ‘TMNOL
1526 208 1630 259 109

285 354 493 428 ”Αντξῳ’
480 377 518 406 εν
548 354 704 415 εὖωδει,
731 352 1045 441 ’μεταρίθμιος
1049 352 1349 406 ἀθανάτοισιν.

289 432 452 500 Abroi?
480 428 621 485 ἐπειδη
649 427 764 479 τόνδε
793 427 901 477 θεαὶ
929 424 1174 495 πολύῦμνον
1201 424 1413 498 ἐ’θξεψαν,

289 505 365 561 A&
394 503 492 555 τότε
518 501 770 572 φοιτίζεσκε
799 501 911 551 καθ’
943 499 1154 559 υληεντας
1183 499 1384 562 {vada-85,

288 580 442 645 Κισσῷ
471 577 550 627 καὶ
581 576 720 646 δάφνη
748 573 1102 642 πεπυκασμένος·
1141 576 1190 625 αἱ
1217 574 1250 625 δ’
1279 573 1413 643 οἵμ”’
1395 597 1543 628 εποντο

185 658 252 707 10
288 653 509 720 Νύμφαι·
549 674 569 701 ο
597 650 633 701 δ’
667 650 882 714 ἐξηγεῖτο,
908 647 1079 719 βξόμος
1107 646 1190 700 δ”’
1171 671 1270 718 εχεν
1301 647 1491 702 οἵσπετον
1512 649 1636 711 ὓλην.

291 727 384 779 Και
414 723 469 779 σὺ
495 722 631 792 μέν”
605 747 691 774 ετω
718 728 853 794 χαῖξε
880 724 1174 787 πολυςάφυλ’
1203 729 1232 772 ὦ
1261 721 1465 775 Διονυσε·

293 799 387 858 Δος
417 799 449 850 δ’
481 801 602 867 ἡμᾶς
630 797 871 867 χαίροντας
901 796 989 854 ὲς’
968 819 1081 867 ωξας
1110 793 1236 854 αὖτις
1265 796 1467 857 ἱκέσθαι,

293 876 381 927 Ἐκ
410 873 445 924 δ’
475 870 588 923 αὖθ’
618 872 757 942 ὦξαων
787 872 843 928 εἷς
871 894 948 928 τεςς
975 868 1150 929 πολλες
1180 870 1391 930 ἒνιαυτες.

298 1022 403 1053 Antro
423 1020 458 1050 in
472 1021 552 1050 bene
566 1018 672 1054 olenti,
685 1018 718 1048 in
734 1027 868 1048 numero
882 1017 1000 1056 positus
1015 1016 1256 1049 immortalium.

297 1077 345 1108 At
359 1081 427 1115 post
440 1076 526 1104 hunc
542 1074 621 1103 Deae
635 1072 856 1102 multilaudem
871 1072 1026 1108 aluerunt,

297 1129 391 1160 Tunc
406 1129 502 1158 itabat
515 1127 555 1157 ad
570 1136 751 1157 nemorosos
765 1135 910 1161 recessus,

298 1182 430 1214 Hedera
444 1188 475 1212 et
488 1181 578 1211 lauro
595 1186 744 1210 ornatus:
767 1180 816 1209 hae
832 1185 940 1209 autem
953 1178 1049 1209 simul
1063 1180 1272 1220 sequebantur

239 1241 279 1269 lo
301 1237 474 1277 Nymphae:
501 1235 552 1264 hic
566 1240 671 1264 autem
688 1233 752 1263 dux
764 1239 838 1268 erat,
855 1243 949 1263 sonus
964 1239 1070 1262 autem
1086 1234 1219 1264 habebat
1234 1234 1422 1267 immensam
1436 1235 1563 1277 sylvam,

302 1293 347 1324 Et
361 1299 396 1322 tu
411 1289 538 1331 quidem
553 1290 596 1319 sic
614 1288 695 1319 salve
710 1288 778 1318 uvis
793 1288 918 1326 copiose
933 1298 953 1318 o
973 1288 1096 1318 Bacche
1109 1300 1116 1319 =

303 1347 359 1378 Da
373 1352 478 1376 autem
493 1355 550 1374 nos
564 1343 737 1384 gaudentes
751 1342 791 1373 ad
805 1342 896 1372 horas
911 1352 1018 1372 rursus
1033 1341 1145 1379 venite,

303 1401 356 1432 Ex
370 1400 455 1431 horis
469 1405 575 1430 autem
590 1408 697 1429 rursus
711 1397 753 1428 ad
766 1397 883 1428 multos
897 1407 1004 1428 annos.

205 1519 280 1550 Ver.
298 1521 327 1550 5.
347 1517 454 1559 Νύσης]
478 1515 559 1547 Edd.
576 1525 619 1554 pr.
635 1525 745 1546 omnes
760 1515 880 1551 Νάστης,
925 1513 1186 1551 Uratislaviensis,
1221 1515 1319 1546 Mich.
1355 1516 1513 1556 Apostolii
1550 1528 1648 1551 manu

154 1567 192 1593 ut
207 1562 246 1592 11.
265 1561 297 1601 ξ’.
324 1564 391 1591 153.
408 1560 550 1594 Νυτσῆΐον,
568 1565 661 1598 atque
690 1558 782 1587 etiam
807 1558 881 1588 alibi
925 1557 1067 1595 scriptus.
1113 1558 1225 1597 Itaque
1238 1560 1297 1589 hoc
1313 1560 1444 1598 praetuli.

154 1604 226 1636 libri
243 1603 404 1644 duplicant
429 1617 455 1638 a,
483 1608 519 1632 ut
534 1601 616 1640 apud
636 1601 741 1640 Steph.
757 1611 784 1631 v.
802 1602 882 1631 Hol-
968 1600 1044 1630 Ver.
1062 1603 1112 1630 12.
1138 1602 1162 1634 ἒς
1179 1602 1253 1643 ὥρας
1269 1615 1338 1632 mm
1330 1617 1376 1636 ιις
1368 1603 1510 1645 ἵκὲσθαι,]
1535 1605 1653 1636 Sensus

159 1650 275 1680 Stenius
289 1647 329 1678 ad
347 1647 452 1685 Steph.
499 1644 560 1675 Sed
579 1650 685 1674 tamen
703 1644 800 1674 MSS.
817 1654 883 1673 me.
927 1648 980 1678 est,
999 1648 1035 1673 ut
1051 1642 1169 1682 opinor,
1195 1644 1261 1674 sine
1279 1644 1369 1675 nobis
1395 1645 1473 1676 laetis
1499 1648 1556 1678 hoc
1580 1649 1657 1679 anni

156 1690 249 1722 liores
264 1691 327 1721 fere
344 1696 413 1721 Noc.
432 1690 556 1723 habent,
584 1693 620 1717 ut
634 1698 682 1726 ap.
701 1687 883 1717 Homerum
928 1691 1061 1725 tempus,
1088 1692 1286 1721 autumnum,
1314 1688 1422 1724 redire,
1451 1695 1481 1719 et
1502 1691 1656 1721 vindemi-

156 1733 178 1766 k
204 1744 230 1766 c.
247 1734 319 1765 MS.
342 1732 427 1773 Lips.
452 1737 491 1770 et,
518 1740 613 1773 quem
628 1740 728 1771 nuper
753 1730 882 1770 inspexi,
928 1739 988 1764 am,
1005 1735 1097 1769 atque
1113 1731 1151 1759 ab
1166 1730 1224 1760 hac
1236 1731 1311 1760 anni
1327 1738 1509 1772 tempestate
1520 1734 1560 1765 ad
1575 1734 1658 1766 mul.

930 1777 978 1802 tos
992 1782 1093 1803 annos
1107 1779 1270 1815 sequentes
1280 1775 1395 1806 venire.

665 1927 770 1979 ΕΙΣ
813 1929 1141 1978 ΑΡΤΕΜΙΝ.

304 2074 638 2127 ’'APTEMIN
678 2073 809 2126 ἀείδω
835 2075 1207 2146 χξυσηλάκατον,
1235 2073 1501 2140 κελαδεινὴν,

312 2149 528 2221 Παξθένον
556 2149 735 2210 αἰδοίην,
762 2147 1111 2213 έλαφηβολον,’
1098 2148 1349 2222 ιοχέοιιξαν,

319 2225 714 2288 Αὖτοκασιγνητην
746 2222 977 2295 χρυσαόξε
1004 2223 1302 2282 Ἀπολλωνος·

306 2296 381 2350 uH
409 2299 509 2349 κατ’
540 2297 610 2370 όοη
640 2320 841 2350 σκιοεντα
868 2298 946 2349 καὶ
976 2295 1138 2370 οἵκξιας
1169 2297 1434 2367 ἠνεμοέσσας

246 2376 280 2427 5
321 2372 475 2444 ’Άγξη
503 2371 735 2443 τεξπομένη
762 2372 1046 2444 παγχξύσεα
1073 2371 1186 2434 τοξα
1213 2374 1408 2432 τιταίνει,

318 2447 557 2516 Πέμπεσα
585 2447 780 2502 ςονόεντα
805 2446 940 2510 βέλη·
981 2447 1152 2520 τξομέει
1180 2447 1225 2500 δὲ
1254 2450 1425 2521 κάξηνα

321 2587 523 2619 DIANAM
546 2597 631 2622 cano,
648 2597 776 2618 auream
791 2587 895 2618 colum
911 2589 1090 2625 habentem,
1107 2598 1264 2626 sonoram,

323 2642 493 2682 Virginem
510 2641 726 2677 verecundam,
744 2652 848 2672 cervos
858 2642 1061 2681 jaculantem,
1075 2643 1197 2683 sagittis
1211 2642 1412 2686 gaudentem,

325 2697 518 2728 Germaniam
539 2707 675 2727 sororem
692 2708 787 2727 aureo
799 2707 871 2727 ense
888 2697 1020 2738 insignis
1035 2698 1200 2737 Apollinis.

326 2751 407 2788 Quae
422 2762 475 2791 per
489 2758 612 2782 montes
627 2753 788 2782 umbrosos
804 2757 835 2782 et
851 2753 1014 2782 cacumina
1030 2759 1154 2784 ventosa

286 2808 306 2837 5
328 2806 505 2837 venatione
520 2807 672 2837 oblectata
688 2816 818 2837 aureum
834 2817 941 2838 arcum
957 2807 1065 2844 tendit,

331 2859 465 2893 Mittens
480 2861 628 2893 lethifera
643 2862 710 2899 tela,
729 2867 869 2893 tremunt.
883 2868 988 2894 autem
1004 2862 1104 2902 capita
