1856 3235
572 221 1131 272 PROLEGOMENA.
1530 230 1625 270 205

138 366 195 408 tu
233 357 404 424 posita,
443 371 561 403 num
600 353 804 402 fortuita
843 352 1034 401 silentia
1073 357 1215 399 sunt?
1248 368 1309 399 an
1350 354 1404 409 is,
1442 354 1524 417 qui
1559 354 1628 402 ita

137 425 262 481 silet,
296 421 538 487 loquentis
561 427 613 468 et
635 419 765 468 clare
804 418 1028 467 testantis
1050 433 1306 482 personam
1337 420 1495 482 gerit?
1529 419 1625 467 Mi-

136 490 189 538 hi
212 489 422 554 quidem,
460 486 551 534 etsi
590 501 690 533 non
728 502 834 533 sum
873 484 1014 532 nimis
1049 483 1292 540 credulus,
1329 484 1411 531 illa
1448 501 1536 548 per
1577 502 1627 533 se

135 555 280 620 plane
316 552 681 617 persuaderent,
734 550 987 615 vulgarem
1029 557 1192 598 autem
1231 550 1507 614 opinionem
1546 551 1627 599 de-

133 620 336 669 fendere
360 617 723 666 dementiSsima
745 616 1023 681 pervicacia
1047 615 1310 664 videretur.
1369 617 1442 663 At
1468 625 1624 673 erunt,

136 686 322 750 opinor,
360 684 443 749 qui
491 684 672 740 dicant,
711 683 834 731 effici
882 682 1077 746 quidem
1120 697 1182 729 ex
1222 681 1330 737 illis,
1374 690 1431 729 ut
1474 681 1627 729 literae

133 750 212 799 vel
235 750 589 798 obscurissimae
611 749 691 798 vel
723 765 921 813 prorsus
961 749 1199 812 ignoratae
1237 745 1423 796 fuerint
1460 746 1627 811 Troja-

131 816 207 864 nis
232 816 545 880 temporibus,
583 831 682 863 non
722 815 840 862 item
879 814 990 870 hoc,
1027 822 1084 861 ut
1123 822 1257 861 vates
1294 813 1484 861 duobus
1516 821 1627 876 post

131 882 319 930 saeculis
342 883 445 946 ipse
469 897 662 945 quoque
685 880 940 928 illiteratus
957 878 1121 927 fuerit.
1192 879 1476 927 Extremam
1499 878 1625 926 hanc

129 948 365 997 latebram
400 948 437 995 si
483 948 736 995 obstruere
776 945 967 1002 vellem,
1015 961 1215 994 necesse
1253 945 1483 993 haberem
1522 944 1625 992 lon-

130 1030 244 1079 gam
269 1013 649 1078 disputationem
673 1012 865 1077 ingredi
903 1011 965 1059 de
1005 1012 1136 1059 omni
1160 1011 1363 1067 ratione,
1404 1028 1499 1075 qua
1524 1010 1627 1058 Ho-

130 1095 292 1128 merus
316 1080 367 1126 in
393 1079 722 1143 descriptione
746 1078 957 1126 heroicae
979 1077 1093 1126 vitae
1115 1077 1294 1126 versari
1319 1076 1455 1125 solet.
1510 1077 1626 1124 Non

131 1146 263 1194 enirn
287 1145 416 1209 apud
438 1145 575 1193 illum
615 1144 708 1192 nisi
747 1144 821 1192 bis
844 1151 981 1192 terve
1020 1143 1116 1192 hoc
1156 1160 1311 1208 genus
1348 1143 1539 1207 reperio
1581 1160 1625 1190 e-

130 1211 308 1258 ruditae
348 1211 479 1268 artis,
518 1210 650 1274 quod
673 1213 833 1274 poetae
857 1209 1119 1258 cultiorum
1142 1217 1342 1258 aetatum
1377 1208 1624 1265 affectant,

131 1293 280 1341 quum
307 1277 608 1340 superiorum
647 1274 868 1323 fabulosa
902 1284 1041 1340 gesta
1068 1292 1227 1324 scenae
1251 1274 1514 1322 reddentes
1550 1291 1626 1322 ca-

130 1350 250 1391 vent
273 1342 458 1399 sedulo,
483 1358 546 1391 ne
569 1341 778 1405 priscam
803 1341 1131 1390 sinceritatem
1155 1341 1293 1389 novis
1316 1341 1530 1388 moribus
1553 1341 1623 1387 in-

127 1407 316 1464 fucent‚
353 1425 450 1472 quo
472 1407 663 1456 facilius
686 1406 951 1455 lectoribus
973 1408 1051 1455 vel
1077 1407 1446 1472 spectatoribUS,
1480 1423 1623 1471 prop-

132 1482 209 1522 ter
243 1474 545 1538 antiquitatis
585 1474 809 1537 peritiam
833 1473 1112 1529 incredulis,
1149 1474 1417 1537 imponant,
1446 1489 1624 1536 eosque

127 1541 273 1588 rebus
319 1556 377 1587 ac
400 1541 635 1603 personis,
673 1539 846 1603 quibus
889 1540 1211 1587 cummaxime
1252 1538 1438 1595 volunt,
1475 1540 1622 1586 inter-

125 1621 230 1654 esse
277 1613 327 1653 et
365 1612 471 1653 tota
505 1611 672 1653 mente
714 1605 847 1669 quasi
890 1620 1002 1652 cum
1046 1604 1139 1652 illis
1179 1606 1343 1653 vivere
1390 1613 1570 1668 cogant
1587 1615 1621 1652 ².

124 1746 206 1778 ooup
219 1736 292 1777 plus
312 1735 465 1768 moder-ne
477 1736 578 1778 qu’on
599 1746 640 1767 ne
654 1735 685 1767 la
699 1736 765 1773 fait,
789 1743 820 1768 et
830 1737 864 1778 je
877 1735 974 1768 fonde
989 1736 1248 1777 principalement
1268 1742 1349 1767 cette
1362 1736 1492 1776 opinion
1516 1747 1568 1767 sur
1591 1736 1620 1767 Ie

124 1786 278 1812 caractere
299 1779 339 1810 de
361 1779 393 1810 la
408 1780 532 1821 langue.
577 1779 610 1810 Il
623 1779 717 1811 m'aet
730 1790 814 1811 venu
840 1780 915 1811 bien
940 1787 1074 1812 souvent
1098 1780 1176 1811 dans
1198 1779 1315 1819 l'esprit
1338 1780 1377 1810 de
1402 1780 1514 1810 douter
1539 1791 1620 1811 non-

124 1823 300 1855 seulement
313 1823 514 1864 qu’Homere
529 1822 580 1854 sut
595 1821 709 1862 ἐστὶι-ες
730 1823 809 1854 mais
823 1823 929 1854 meme
943 1824 1041 1865 qu'on
1057 1823 1164 1854 eci-ivit
1179 1822 1217 1853 de
1233 1833 1289 1853 son
1304 1829 1394 1853 tems.
1435 1824 1458 1854 J
1461 1823 1501 1853 ’ai
1516 1823 1618 1864 grand

257 1877 319 1908 que
333 1876 368 1897 ce
382 1866 478 1898 doute
494 1867 554 1898 soit
567 1866 594 1897 si
608 1866 840 1897 formellement
854 1866 994 1898 dementi
1009 1877 1064 1907 par
1083 1866 1234 1897 l’histoire
1257 1866 1297 1898 de
1312 1867 1524 1906 Bellerophon
1539 1867 1620 1897 dans

120 1909 259 1941 l'Iliade·
305 1909 440 1940 Comme
448 1909 507 1951 j'ai
522 1909 552 1940 le
567 1909 710 1940 malheur
725 1910 809 1940 aussi
831 1909 905 1941 bien
929 1920 992 1950 que
1017 1910 1047 1941 le
1072 1910 1108 1941 P.
1125 1909 1295 1940 Hardouin
1311 1909 1410 1941 d’etre
1423 1920 1469 1940 un
1485 1920 1546 1948 peu
1562 1911 1616 1941 ob-

121 1952 203 1984 stine
224 1952 303 1984 dans
326 1962 394 1983 mes
418 1952 599 1993 paradoxas,
622 1952 648 1983 si
665 1952 772 1993 j'etois
797 1953 900 1984 moins
923 1952 1078 1993 ignorant,
1096 1953 1131 1993 je
1153 1953 1249 1984 serois
1262 1953 1334 1983 bien
1350 1952 1436 1984 terite
1457 1952 1618 1984 d'etendre

123 2005 192 2027 mes
205 1995 316 2027 doum
330 2006 385 2027 sur
397 2001 479 2027 cette
492 1995 621 2027 histoire
634 1995 749 2032 meme,
771 2001 804 2027 et
817 1996 856 2027 de
869 1996 1019 2027 l‘accuser
1031 1996 1152 2027 d’avoir
1173 1994 1224 2026 ete
1248 2006 1320 2027 sans
1334 1998 1497 2038 beaucoup
1512 1996 1620 2027 d'exa·

123 2048 199 2070 meu
220 2038 390 2079 interpolee
412 2049 468 2079 par
480 2039 528 2070 1ae
548 2038 770 2079 compilateurs
793 2039 980 2070 d'Homere.
1026 2039 1293 2070 Non—seulement
1318 2039 1396 2070 dans
1421 2039 1450 2070 le
1474 2046 1553 2069 reste
1576 2039 1617 2070 de

122 2081 252 2113 ruiade
265 2091 309 2113 on
322 2081 387 2112 voit
399 2092 462 2122 peu
476 2082 517 2114 de
529 2087 631 2113 traces
645 2081 684 2113 de
698 2088 748 2114 cet
762 2088 824 2113 art:
849 2083 905 2123 (ne
919 2082 1049 2119 mireris,
1072 2082 1156 2123 quod
1167 2093 1270 2122 pauca
1287 2083 1417 2123 vestigia
1438 2082 1517 2113 dicit
1541 2092 1614 2119 esse,

122 2134 194 2166 quae
206 2126 294 2156 nulla
308 2131 397 2163 sunt;
417 2125 463 2157 ita
475 2125 657 2167 loquuntur,
679 2126 735 2166 qui
750 2135 815 2156 non
829 2126 905 2156 certi
919 2131 994 2156 sunt
1007 2126 1170 2157 sententiae
1192 2126 1292 2165 suae:)
1315 2127 1396 2156 mais
1414 2125 1495 2166 j'ose
1521 2135 1614 2156 avan·

122 2177 175 2199 cer
188 2178 249 2209 que
260 2173 346 2198 toute
359 2167 526 2209 l’Odyssee
538 2168 618 2199 n’aet
625 2168 723 2210 qu’un
738 2169 816 2200 tissu
830 2168 871 2200 de
884 2168 997 2200 betises
1012 2175 1043 2199 et
1057 2168 1222 2208 d'inepties
1236 2169 1354 2210 qu'une
1369 2168 1458 2200 lettre
1473 2179 1515 2199 ou
1530 2169 1615 2199 deux

120 2217 248 2242 eussent
260 2210 420 2242 reduiten
437 2211 553 2248 fumea
576 2221 619 2242 au
644 2211 708 2243 lieu
722 2211 820 2253 qu'on
842 2212 920 2243 rend
941 2221 977 2243 ce
1002 2212 1112 2252 po'eine
1132 2212 1329 2243 raisonnable
1348 2218 1381 2243 et
1402 2211 1508 2243 meme
1531 2222 1616 2242 assez

121 2254 196 2285 bien
211 2253 354 2293 conduit,
376 2265 418 2286 en
431 2261 603 2295 supposant
615 2265 677 2296 que
692 2266 740 2287 ses
754 2255 846 2286 heros
860 2255 946 2286 aient
960 2254 1069 2296 ignore
1089 2254 1252 2286 l‘ecriture.
1298 2256 1332 2286 Si
1354 2255 1481 2286 l’Iliade
1495 2255 1550 2286 eut
1565 2255 1615 2285 ete

120 2296 225 2334 ecrite,
248 2297 308 2328 elle
323 2296 378 2328 eut
399 2296 449 2328 ete
470 2299 634 2338 beaucoup
649 2298 752 2330 moins
777 2298 918 2334 chantee,
940 2298 986 2329 les
1009 2298 1193 2339 Rhapsodes
1218 2305 1343 2329 eussent
1369 2298 1418 2329 ete
1441 2299 1545 2329 moins
1566 2308 1615 2329 re.

118 2339 266 2372 cherches
280 2346 312 2371 et
326 2351 359 2371 se
372 2341 506 2372 seroient
527 2342 631 2373 moins
644 2342 823 2382 multiplies.
870 2343 988 2373 Aucun
1003 2348 1092 2373 autre
1107 2343 1204 2373 Po‘e’te
1220 2342 1273 2372 n'a
1282 2341 1332 2372 ete
1347 2342 1428 2373 ainsi
1443 2341 1566 2378 chame,
1583 2343 1611 2372 si

119 2394 156 2415 ce
171 2385 248 2414 nest
263 2383 292 2414 le
307 2383 403 2414 Tasse
418 2382 437 2414 a
453 2384 589 2422 Venise3
609 2395 720 2416 encore
734 2386 865 2416 n’est-ce
880 2396 941 2427 que
966 2395 1022 2424 par
1045 2385 1092 2417 les
1119 2385 1306 2416 Gondoliers
1321 2386 1375 2426 qui
1399 2396 1440 2416 ne
1464 2392 1534 2416 sont
1557 2396 1613 2424 pas

119 2426 236 2468 grands
251 2426 500 2459 lecteurs—Les
526 2427 660 2458 Po'elmae
673 2428 851 2459 d’Homere
865 2435 1015 2460 resterent
1040 2429 1214 2469 long—tems
1237 2427 1328 2460 ecrits
1343 2429 1519 2460 seulement
1533 2428 1611 2459 dans

118 2470 152 2501 la
165 2469 317 2500 memoire
331 2470 386 2500 des
401 2473 543 2502 hommes
552 2483 561 2508 3
583 2470 622 2501 ils
636 2471 743 2502 surent
755 2470 939 2502 rassembles
953 2482 1008 2510 par
1022 2471 1099 2503 ecrit
1114 2483 1196 2503 assez
1211 2472 1280 2502 tar-d
1306 2478 1337 2503 et
1360 2482 1433 2502 avec
1449 2474 1613 2511 beaucoup

118 2512 159 2544 de
172 2513 272 2553 peine.
318 2513 363 2544 Ce
378 2514 427 2546 fut
441 2513 548 2556 quand
561 2513 591 2544 la
608 2514 710 2546 Grece
724 2524 909 2557 commenqa
930 2514 1098 2546 d'abonder
1112 2525 1152 2546 en
1169 2515 1259 2546 livres
1280 2522 1313 2546 et
1334 2525 1374 2545 en
1386 2514 1491 2555 poesie
1507 2514 1609 2550 ecrite,

117 2565 180 2595 que
195 2561 264 2587 tout
286 2555 316 2587 le
331 2557 456 2588 char-me
481 2557 521 2588 de
542 2556 620 2588 celle
642 2556 821 2588 d'Homere
843 2568 876 2588 se
901 2557 936 2588 fit
959 2558 1054 2588 sentit
1076 2568 1132 2598 par·
1156 2558 1379 2598 comparaison.
1425 2559 1486 2588 Les
1508 2565 1613 2588 autres

118 2598 233 2630 Poritos
247 2599 427 2639 ecrivoient,
452 2600 595 2631 Homer-e
609 2600 677 2631 seul
691 2600 774 2631 avoit
788 2598 908 2636 chance,
932 2607 963 2632 et
984 2611 1035 2631 ces
1049 2602 1158 2632 chants
1179 2601 1281 2632 divins
1304 2600 1392 2631 n'om
1408 2600 1491 2631 cesse
1514 2600 1614 2631 d‘etre

118 2640 245 2673 &euntes
272 2652 346 2673 avec
373 2644 577 2674 ravissement
600 2654 662 2684 que
691 2643 798 2684 quand
822 2643 976 2684 l'Europe
1001 2644 1072 2675 s'oet
1093 2651 1239 2676 converte
1261 2644 1301 2675 de
1326 2645 1479 2680 barbares,
1501 2645 1554 2684 qui
1580 2653 1613 2673 se

118 2690 191 2715 sont
205 2684 303 2716 mel&
323 2685 363 2717 de
371 2687 466 2728 juger
480 2697 515 2718 oe
529 2686 623 2728 qu'ils
635 2697 676 2717 ne
690 2687 859 2726 pouvoient
877 2687 1005 2718 sentin-P

117 2735 132 2762 'r
162 2737 182 2758 a
198 2727 286 2759 Hinc
306 2730 457 2761 vocabula
471 2740 509 2761 ex
525 2731 584 2760 boc
599 2730 682 2760 civili
697 2729 783 2761 cultu
799 2736 864 2760 tam
879 2740 949 2761 rara
963 2736 1037 2762 sunt
1058 2731 1092 2761 in
1116 2730 1245 2771 optimis
1267 2730 1375 2770 po'e‘tis.
1421 2730 1509 2761 Hinc
1537 2728 1611 2758 Vir·

120 2769 218 2812 gilius
231 2770 265 2802 in
281 2772 428 2810 AEne'ide,
452 2773 509 2804 etsi
526 2772 732 2804 Homericam
747 2773 954 2806 sinceritatem
971 2781 1092 2806 naturae
1116 2774 1151 2805 in
1173 2774 1318 2814 plurimis
1333 2775 1425 2804 rebus
1451 2783 1513 2803 non
1530 2782 1612 2803 asse-

119 2813 235 2855 quitur.
258 2816 427 2857 omniaque
446 2817 540 2847 habet
565 2816 725 2854 fucatiora,
749 2827 905 2859 nusquam
924 2818 1117 2858 scripturam,
1141 2824 1173 2848 et
1197 2828 1267 2858 quae
1286 2817 1327 2847 ad
1349 2826 1417 2847 eam
1444 2815 1613 2855 pertinent,

116 2864 279 2890 memorat.
324 2858 436 2900 Neque
449 2865 554 2891 tamen
571 2870 637 2891 uno
651 2860 720 2892 loco
735 2861 809 2891 satis
829 2861 910 2892 cavit
925 2861 1025 2892 levem
1039 2871 1185 2897 errorem,
1212 2861 1246 2891 in
1263 2860 1388 2900 Sibylla,
1414 2861 1559 2890 Carmina
1577 2861 1613 2890 in

107 2899 201 2941 filiis
223 2903 405 2934 describente
420 2906 499 2935 notis
513 2910 541 2935 et
557 2905 730 2936 nominibus
760 2904 829 2934 111.
846 2907 920 2936 443.
946 2905 1008 2936 VI.
1035 2907 1085 2937 74.
1133 2905 1149 2935 I
1175 2914 1269 2939 nunc,
1293 2911 1324 2934 et
1352 2902 1506 2943 Georgia».
1534 2901 1611 2932 Ovi-

119 2943 181 3017 di?
203 2943 354 2988 Tragici&
380 2945 551 2988 Virgilium
567 2946 647 2979 adde
663 2947 882 2989 gravissimum
897 2953 1017 2986 testem,
1040 2947 1157 2991 quippe
1181 2952 1369 2988 perpetuum
1390 2945 1526 2977 Homeri
1540 2945 1612 2977 imi-

119 2992 150 3017 ta
164 2996 261 3019 orem.
