1856 3235
580 209 1137 260 PROLEGOMENA.
1536 216 1595 257 22
1606 219 1625 257 1

134 350 291 416 posita
314 347 558 396 videatur:
594 342 814 390 facerent
857 341 985 388 enim
1025 340 1163 386 illum
1206 340 1327 388 adeo
1367 342 1621 400 infantem,

136 425 192 463 ut
217 430 358 478 quam
382 420 532 458 artem
556 408 738 471 primus
766 406 1150 470 ingeniosissime
1189 407 1499 468 quaesivisset,
1543 408 1624 456 vel

136 481 349 546 prudens
375 483 507 524 certe
532 490 592 521 ex
628 480 801 520 natura
842 479 892 519 et
931 471 1101 519 ordine
1141 470 1317 518 fabulae
1359 474 1567 535 cepisset
1585 477 1618 530 ³,

140 563 244 595 eam
268 560 329 590 ne
353 555 617 604 agnoscere
641 538 838 602 quidem
863 545 913 584 et
948 537 1106 584 verbis
1147 537 1417 600 exprimere
1454 547 1624 601 potue-

140 612 218 659 rit.

204 676 360 722 Immo
383 688 501 719 vero
525 670 646 717 illud
670 686 862 733 quoque
899 669 1101 716 dubium
1144 676 1230 724 est,
1269 685 1329 715 an
1374 667 1621 717 Homerus

140 738 348 788 Achillis
371 738 443 784 sui
468 752 724 800 personam
749 735 921 782 eodem
958 735 1067 782 loco
1107 734 1345 789 habuerit,
1384 750 1480 797 quo
1518 750 1624 782 eam

139 821 305 854 omnes
329 803 430 851 fere
455 802 568 849 artis
592 801 809 864 magistri
831 800 1028 847 habent.
1098 800 1226 847 Nam
1264 816 1412 862 quum
1449 799 1530 846 ille
1555 816 1626 847 se-

136 872 255 918 riem
279 868 666 932 gravissimarum
702 882 863 913 rerum
887 882 985 913 non
1009 865 1221 921 finxerit,
1257 865 1342 912 sed
1379 864 1506 911 fama
1547 882 1625 913 ac-

138 936 323 999 ceperit
340 945 375 991 b,
399 950 516 980 num
539 932 621 979 illa
644 931 745 979 veri
768 948 939 995 parum
963 931 1134 978 similia
1156 930 1400 986 videntur,
1426 930 1627 978 heroi-“im

137 1001 450 1049 fortissimum
475 1015 588 1046 cum
631 996 783 1060 copiis
820 997 916 1044 suis
957 997 1015 1044 ab
1054 996 1274 1045 exercitu
1312 996 1627 1044 secedentem

141 1065 433 1115 desiderium
458 1064 531 1112 sui
563 1079 774 1118 movere,
811 1063 1066 1126 ipsumque
1104 1062 1338 1110 otiantem
1367 1063 1628 1125 Agamem-

140 1133 257 1180 noni
281 1140 331 1179 et
355 1130 544 1178 Graecis
567 1129 830 1193 plurimum
853 1129 1038 1192 negotii
1081 1136 1130 1176 et
1167 1143 1389 1175 curarum
1432 1127 1628 1176 exhibe-

139 1215 207 1254 re,
245 1213 361 1244 mox
385 1196 617 1243 audacius
639 1194 934 1241 irruentibus
972 1193 1194 1257 Trojanis
1218 1193 1448 1249 revocari,
1486 1200 1536 1240 at
1559 1210 1629 1241 as-

140 1279 312 1328 perum
337 1269 386 1309 et
409 1260 755 1309 inexorabilem
788 1260 945 1307 virum
982 1276 1160 1322 negare
1199 1259 1408 1322 primum
1445 1267 1495 1306 et
1534 1266 1631 1307 ter-

143 1328 389 1394 giversari,
444 1326 621 1374 deinde
663 1325 908 1373 communi
948 1325 1164 1388 periculo
1206 1324 1477 1371 concedere
1515 1325 1630 1371 ami-

146 1412 273 1450 cum,
310 1393 524 1448 tandem,
561 1392 643 1438 illo
670 1391 903 1439 Hectoris
928 1391 1148 1439 manibus
1187 1406 1328 1446 caeso,
1363 1390 1519 1453 ipsum
1560 1390 1632 1437 ul-

145 1459 360 1508 ciscendi
387 1475 529 1506 causa
552 1457 708 1504 redire
748 1457 808 1504 ad
847 1473 1077 1520 pugnam,
1115 1456 1313 1519 votique
1355 1463 1631 1520 compotem

135 1526 248 1590 jure
288 1523 402 1572 belli
425 1524 476 1569 in
508 1523 777 1570 Hectorem
819 1523 1013 1570 saevire?
1048 1522 1196 1578 Num,
1235 1522 1273 1568 si
1314 1520 1634 1586 Thucydides

141 1591 220 1639 vel
240 1589 522 1652 Xenophon
539 1588 672 1635 hunc
696 1604 875 1634 annum
891 1588 941 1634 in
963 1587 1157 1635 annales
1178 1586 1438 1643 retulisset,
1464 1587 1638 1634 Achil-

142 1657 253 1712 lem,
300 1671 450 1718 quum
497 1654 819 1701 secessionem
868 1652 1079 1709 fecisset,
1135 1653 1405 1700 describere
1442 1660 1636 1716 poterat

146 1723 303 1769 minus
329 1719 672 1776 desideratum,
710 1728 808 1775 aut,
848 1736 996 1782 quum
1015 1727 1340 1774 revocaretur,
1367 1718 1526 1765 minus
1550 1718 1636 1766 ho-

147 1796 368 1835 noratum
395 1786 616 1833 minusve
640 1786 955 1849 pertinacem,
994 1792 1078 1832 aut
1106 1784 1331 1848 denique,
1370 1801 1519 1847 quum
1557 1801 1639 1832 ve-

147 1862 301 1902 terem
325 1853 443 1899 iram
477 1868 602 1900 nova
645 1851 924 1915 expulisset,
961 1851 1121 1898 minus
1161 1850 1417 1914 insignem,
1456 1866 1635 1908 acrem,

148 1919 340 1974 fortem,
376 1923 696 1981 generosum?
732 1917 815 1964 An
840 1925 894 1964 tu
935 1917 1110 1963 mirum
1135 1923 1290 1980 putas,
1329 1923 1378 1964 et
1418 1932 1518 1963 non
1557 1933 1640 1963 na-

150 1993 287 2040 turae,
325 1984 410 2031 sed
433 1983 562 2039 artis,
599 1983 649 2029 in
674 1991 749 2030 tot
771 1982 950 2047 mythis
974 1982 1104 2029 illius
1134 1982 1248 2029 belli
1284 1998 1435 2029 unum
1469 1980 1636 2038 fuisse,

152 2051 232 2113 qui
258 2049 623 2097 continuatione
667 2048 874 2112 quadam
901 2048 1198 2096 concinnum
1223 2057 1274 2096 et
1296 2047 1512 2110 partibus
1542 2047 1639 2094 suis

152 2115 424 2162 absolutum
467 2115 676 2162 Carmen
718 2113 998 2161 exhiberet?
1052 2113 1213 2169 Anne,
1251 2113 1345 2159 illis
1380 2113 1640 2169 concessis,

153 2180 376 2244 opinaris,
413 2180 567 2228 multo
592 2180 834 2227 diversum
860 2196 980 2243 opus
1006 2179 1253 2226 exiturum
1274 2177 1439 2234 fuisse,
1476 2178 1643 2226 etiam-

153 2247 191 2293 si
232 2253 437 2309 quatuor
478 2250 641 2309 poetae
673 2245 820 2293 telam
862 2245 1227 2293 detexuissent?
1261 2244 1478 2291 Felicem·
1509 2244 1643 2292 dicas

152 2311 400 2376 populum,
438 2319 607 2374 utpote
632 2327 918 2375 magnorum
946 2318 1196 2375 gestorum
1224 2308 1642 2366 fecundissimum,

157 2378 235 2425 cui
262 2377 489 2424 Carmina
512 2393 660 2440 prope
686 2385 858 2440 sponte
883 2385 1158 2432 nascantur,
1198 2393 1305 2439 quae
1334 2376 1535 2423 aliorum
1559 2392 1644 2438 po-

156 2442 382 2506 pulorum
405 2442 736 2489 intentissimis
768 2443 939 2489 studiis
980 2450 1030 2490 et
1069 2442 1251 2490 artibus
1283 2458 1381 2488 non
1422 2441 1646 2505 proveni-

154 2509 263 2557 unt!
319 2507 498 2555 Ridcas
523 2508 662 2555 licet:
700 2524 869 2555 verum
894 2508 962 2555 ita
984 2508 1124 2571 plura
1148 2516 1261 2555 nata
1302 2515 1416 2555 sunt
1445 2506 1649 2570 ingenio

195 2664 215 2684 a
230 2653 269 2684 ’¹11
280 2653 326 2685 διὰ
342 2655 447 2695 τέχνην
462 2658 478 2688 r}
495 2654 539 2685 διὰ
556 2655 645 2693 φύσιν.
691 2653 820 2687 Aristot.
843 2654 928 2685 Ροὲῒ-
944 2664 970 2685 c.
987 2658 1016 2685 8.

197 2697 216 2726 b
241 2697 322 2726 Nam
340 2708 397 2727 nec
413 2698 520 2727 omnia
535 2698 574 2728 ad
591 2697 749 2727 veritatem
766 2698 812 2727 vel
832 2708 868 2727 ex
885 2704 1031 2737 corrupta
1044 2697 1171 2730 veritate
1194 2703 1298 2729 narrat
1321 2697 1447 2728 illorum
1472 2701 1656 2733 temporum-

158 2738 263 2777 po'e'sis,
282 2750 380 2780 neque
395 2741 501 2770 omnia
518 2740 615 2780 fingit,
635 2747 668 2770 ut
686 2741 763 2770 olim
780 2742 930 2779 putabant
945 2741 1000 2770 viri
1016 2741 1109 2772 docti.
1156 2742 1217 2772 Sed
1231 2741 1346 2772 frustra
1361 2740 1546 2780 plerumque
1561 2737 1646 2766 labo·-

157 2788 234 2817 ram,
251 2783 303 2822 qui
321 2790 449 2823 utraque
465 2783 638 2813 discernere
655 2783 773 2813 volunt.
821 2783 1043 2815 Praedixerunt
1061 2785 1182 2815 Musae:

279 2870 372 2908 ’Ἱδμεν
389 2871 498 2910 ψεύδεα
515 2873 620 2902 πολλὰ
639 2872 733 2911 λέγειν
751 2872 890 2911 ἔτῦμοισιν
905 2873 996 2912 ὅμοῖα,

283 2912 361 2952 ἴδμεν
376 2913 407 2949 δ’,
426 2913 483 2945 εὖτ’
501 2915 657 2954 ἐθέλωμεν,
677 2915 796 2946 άλπθὶα
809 2916 1012 2954 μυθήσασθαι.
