1856 3235
243 224 335 264 222
717 210 1273 260 PROLEGOMENA.

241 344 542 400 Gra-corum,
580 342 753 406 quibus
776 342 998 406 profecto
1024 356 1314 399 careremus,
1347 341 1436 388 nisi
1464 341 1533 388 illi
1575 343 1717 390 exsti-

239 409 424 457 tissent.

849 602 1099 649 XXVIII.

296 735 376 783 De
402 734 622 798 Odyssea
659 732 810 796 major
846 739 918 779 est
958 730 1196 778 dubitatio
1237 738 1286 777 et
1324 733 1528 794 propriae
1570 750 1711 782 curae.

232 801 348 849 Non
374 801 485 863 quia
507 798 668 846 omnia
690 798 741 843 in
764 797 846 844 illa
868 797 930 844 ad
953 795 1163 844 reditum
1202 795 1388 859 Ulyssis
1411 797 1709 845 referuntur:

229 867 334 929 quis
374 866 425 912 id
462 864 663 911 miretur
696 863 746 909 in
787 863 956 918 ἀοιδαῖς,
998 877 1104 925 quae
1144 870 1384 909 errantem
1425 869 1474 909 et
1508 864 1711 925 patriam

229 938 527 995 quaerentem
552 937 601 976 et
630 928 858 975 reducem
885 927 1108 991 Ulyssem
1130 933 1440 990 propommt?
1473 927 1559 974 sed
1582 929 1714 990 quod

229 996 488 1058 Penelopae
512 1002 562 1041 et
585 993 867 1041 Telemachi
901 992 1097 1040 fortuna
1120 992 1495 1056 domesticaeque
1521 992 1712 1040 calami-

227 1069 353 1109 tates
377 1060 536 1108 herois
563 1075 778 1122 congrua
816 1059 1002 1105 ratione
1036 1066 1309 1120 temporum
1344 1075 1401 1105 ac
1437 1066 1606 1105 tenore
1640 1075 1712 1106 re-

225 1143 333 1173 rum
357 1127 425 1172 sic
441 1125 718 1188 junguntur
742 1139 851 1170 cum
879 1123 1096 1170 externis
1118 1124 1303 1169 casibus
1328 1123 1444 1185 ejus,
1470 1131 1526 1170 ut
1549 1124 1711 1170 statim

225 1209 253 1238 a
275 1191 440 1237 limine
464 1191 513 1236 in
538 1189 720 1236 medias
744 1204 819 1235 res
843 1188 1072 1235 abstracti
1095 1204 1284 1250 semper
1324 1188 1386 1234 ad
1410 1189 1596 1235 exitum
1618 1188 1710 1236 fes-

223 1257 450 1310 tinemUS,
488 1262 631 1317 atque
673 1253 958 1300 redeuntem
984 1269 1093 1300 eum
1120 1261 1170 1299 et
1193 1253 1357 1315 quiete
1391 1261 1502 1316 post
1535 1261 1611 1300 tot
1645 1253 1710 1300 la-

223 1323 366 1369 bores
391 1319 660 1367 exantlatos
683 1327 954 1382 pacatoque
979 1332 1131 1382 regno
1155 1317 1401 1365 fruentem
1434 1318 1641 1365 maxima
1664 1335 1710 1366 a·

220 1386 339 1434 nimi
377 1385 703 1432 sollicitudine
727 1383 896 1431 videre
931 1384 1196 1447 cupiamus.
1266 1383 1413 1431 Unde
1445 1383 1517 1441 fit,
1551 1391 1608 1430 ut
1643 1383 1710 1431 Ο-

225 1452 442 1516 dysseam
467 1467 626 1506 nemo,
664 1450 741 1496 cui
766 1449 964 1497 omnino
994 1449 1181 1513 priscus
1211 1456 1345 1496 vates
1379 1449 1584 1512 placeat,
1620 1449 1711 1496 nisi

222 1516 488 1581 perlectam
513 1533 539 1563 e
564 1531 712 1562 manu
736 1515 979 1579 deponere
1004 1522 1164 1578 queat.
1234 1515 1306 1561 At
1340 1514 1422 1561 illa
1444 1530 1519 1561 ars
1554 1514 1607 1561 id
1639 1514 1710 1578 ip-

221 1598 328 1629 sum
353 1590 442 1637 est,
478 1581 610 1644 quod
635 1581 713 1627 vix
738 1597 793 1627 ac
817 1596 878 1627 ne
901 1581 982 1627 vix
1007 1580 1201 1643 quidem
1243 1579 1416 1626 cadere
1439 1579 1635 1627 videtur
1657 1580 1709 1626 in

220 1656 397 1703 vatem,
435 1646 645 1710 singulas
670 1654 859 1692 tantum
885 1645 1162 1708 rhapsodias
1187 1645 1546 1701 decantantem,
1572 1645 1707 1708 quip-

219 1729 283 1777 pe
306 1713 403 1776 qui,
441 1720 497 1759 ut
520 1712 581 1758 ad
604 1711 949 1774 cogitationem
974 1710 1082 1758 talis
1105 1711 1220 1758 artis
1242 1711 1430 1774 accingi
1453 1710 1706 1774 potuisset,

218 1777 297 1825 vel
322 1778 450 1841 apud
474 1777 867 1840 exquisitissimos
900 1776 1141 1824 auditores
1184 1776 1424 1839 Aspendii
1447 1775 1713 1823 citharistae·

219 1844 366 1890 modo
390 1844 522 1890 intus
545 1850 823 1889 cantaturus
847 1841 1030 1889 fuisset.
1102 1841 1260 1905 Igitur
1291 1840 1575 1889 Telemachi
1610 1842 1705 1888 iter

219 1909 282 1955 ad
305 1909 564 1956 Nestorem
590 1916 639 1955 et
663 1907 961 1963 Menelaum,
1001 1906 1186 1971 Ulyssis
1226 1923 1442 1955 secessus
1476 1906 1528 1952 in
1569 1905 1703 1970 Ogy-

215 1975 298 2037 gia
319 1974 488 2030 insula,
524 1974 640 2021 item
671 1973 1049 2036 pulcherrimum
1092 1973 1314 2029 Carmen,
1350 1973 1401 2019 in
1441 1987 1539 2035 quo
1579 1988 1706 2019 erro-

215 2055 290 2086 res
313 2040 415 2103 ipse
435 2056 542 2086 suos
563 2039 843 2086 Phaeacibus
868 2038 1129 2085 denarrans
1146 2038 1414 2093 inducitur,
1432 2037 1702 2100 eodemque

215 2105 362 2152 modo
387 2105 530 2152 etiam
555 2104 753 2168 reliqua,
790 2104 838 2150 h.
866 2121 906 2151 e.
932 2119 1148 2151 seorsum
1172 2113 1222 2152 et
1246 2103 1378 2151 nulla
1400 2102 1701 2166 spectatione

214 2170 450 2217 universae
473 2169 659 2226 formae,
689 2171 748 2217 ab
776 2169 994 2217 Homero
1014 2170 1279 2234 composita
1302 2168 1456 2216 videri
1481 2176 1698 2232 possunt,

214 2235 395 2297 diuque
432 2236 689 2283 decantata
724 2251 842 2291 esse,
877 2235 1156 2298 priusquam
1191 2234 1360 2298 aliquis
1382 2233 1611 2297 politiore
1649 2241 1699 2281 et

212 2301 564 2348 abundantiore
604 2301 786 2348 artibus
821 2316 924 2347 aevo
964 2300 1384 2355 animadverteret,
1439 2315 1495 2347 ea
1532 2299 1698 2362 paucis

211 2366 501 2421 recidendis,
539 2366 790 2422 addendis,
827 2366 1070 2413 mutandis
1110 2366 1172 2413 ad
1193 2365 1568 2429 perpetuitatem
1592 2363 1697 2411 uni-

211 2447 267 2477 us
290 2431 453 2493 magni
478 2432 689 2494 corporis
725 2431 937 2487 redacta,
973 2447 1154 2478 novum
1179 2432 1313 2494 quasi
1348 2439 1397 2478 et
1432 2428 1697 2493 perfectius

210 2495 603 2559 splendidiusque
628 2504 998 2544 monumentum
1021 2496 1139 2544 fore.

275 2561 494 2608 Eandem
520 2579 619 2609 rem
644 2561 844 2609 forsitan
879 2560 1057 2609 frustra
1092 2562 1277 2625 experti
1299 2560 1505 2608 fuissent
1529 2560 1691 2608 Graeci

206 2626 256 2672 in
281 2626 383 2674 aliis
422 2627 614 2683 Νόστοις,
653 2644 748 2690 quo
790 2628 985 2674 nomine
1024 2627 1162 2690 plura
1202 2626 1456 2674 exstabant
1494 2625 1693 2688 antiqua

207 2691 446 2748 Carmina,
484 2709 686 2755 quorum
711 2708 773 2739 ne
798 2701 1020 2740 auctores
1060 2692 1254 2755 quidem
1279 2691 1416 2738 nobis
1441 2691 1553 2738 satis
1585 2691 1691 2738 noti

205 2766 316 2804 sunt
335 2770 367 2804 ².
441 2757 537 2805 Sed
561 2757 739 2804 nullius
764 2774 896 2805 error
931 2766 1030 2805 tam
1063 2758 1238 2821 longus
1262 2765 1456 2819 tamque
1482 2755 1689 2819 disjunc-

243 2905 262 2924 a
286 2896 350 2931 Qui
361 2896 447 2926 enim
463 2906 482 2926 a
501 2896 632 2926 Casaub.
648 2896 680 2925 in
701 2897 818 2926 Athen.
840 2896 898 2926 IV.
921 2900 968 2926 14.
984 2902 1060 2926 extr.
1076 2895 1206 2935 aliisque
1220 2895 1397 2932 laudantur,
1414 2895 1479 2926 fere
1493 2900 1568 2927 sunt
1581 2904 1687 2926 recen-

203 2937 309 2976 εἰσι-ες,
323 2945 353 2968 et
369 2940 407 2969 ab
420 2939 481 2969 illis
498 2939 632 2969 Homeri
649 2939 821 2979 aequalibus
837 2939 999 2968 materiam
1017 2949 1106 2968 suam
1123 2939 1283 2978 petierant.
