1856 3235
213 220 307 266 278
688 211 1248 262 PROLEGOMENA.

204 350 457 391 mutarunt
498 343 578 391 vel
624 343 902 407 rejecerunt
950 345 1160 393 editores
1200 352 1404 401 veteres,
1449 361 1548 393 non
1585 357 1697 397 sunt

204 410 366 457 omnia
391 409 642 473 ejusmodi,
671 418 726 457 ut
750 411 972 458 mutandi
999 427 1156 458 causae
1175 411 1432 459 videantur
1452 413 1565 459 satis
1588 430 1696 475 gra-

203 492 286 522 ves
311 474 474 531 fuisse,
501 475 540 522 si
565 475 712 522 solam
738 476 1136 523 commoditatem
1161 493 1328 523 sensus
1353 485 1402 523 et
1427 494 1564 524 usum
1594 477 1696 526 Ho-

203 541 439 588 mericum
456 549 668 604 spectes:
707 557 802 604 quo
822 540 1024 587 ulterius
1047 541 1272 604 progredi
1298 558 1524 604 nequeas,
1546 557 1712 606 quan-·

204 606 466 669 doquidem
504 622 636 653 nunc
679 606 740 653 de
781 605 1070 652 testimoniis
1109 606 1418 669 antiquorum
1462 608 1693 656 codicum

203 687 302 718 non
339 679 531 719 constat
555 685 587 717 ³.
659 671 754 717 Sed
788 678 844 717 ut
877 670 1037 733 plures
1072 670 1259 718 illarum
1296 671 1563 720 lectionum
1587 674 1692 721 vul-

203 745 340 800 gatas
396 745 585 784 nostras
637 735 950 799 aequiparant,
994 736 1062 783 ita
1114 736 1282 784 insunt
1316 737 1460 784 etiam
1493 739 1545 785 in
1577 738 1687 795 illis,

201 819 308 866 quae
356 802 497 865 plane
534 809 767 865 praestent
791 801 824 848 b.
897 801 1031 858 Quas
1073 801 1111 849 si
1150 801 1530 865 Aristophanem
1576 821 1689 852 con-

201 932 318 974 legitur
333 934 450 975 παρειάι
477 932 561 963 idem
578 939 660 963 eerte
683 933 805 974 utrique
821 932 972 972 placuisse
994 933 1194 973 perspicuum
1218 939 1271 968 est,
1288 940 1318 964 et
1333 934 1371 965 ef.
1389 933 1429 964 ad
1450 936 1495 974 χ’.
1517 933 1604 975 491.)
1621 936 1693 966 227.

197 978 225 1006 ε’.
244 980 315 1007 658.
335 977 402 1018 (ubi
420 982 488 1015 post
504 976 713 1015 ineptissimos
727 977 884 1006 dissensus
909 977 1097 1007 Criticorum
1113 978 1152 1007 de
1168 987 1232 1006 voc.
1247 976 1297 1008 οἷον
1312 979 1344 1006 in
1364 977 1581 1015 Aristophanis
1594 977 1690 1017 scrip·

199 1025 302 1049 turam
317 1025 399 1049 recte
415 1025 603 1049 conventum
620 1020 692 1057 est‚)
715 1019 748 1057 ζ’.
767 1023 834 1049 148.
849 1021 890 1058 μ’.
908 1023 956 1049 26.
979 1021 1011 1058 ξ’.
1026 1024 1077 1050 40.
1093 1024 1142 1051 45.
1167 1024 1238 1050 256.
1262 1024 1333 1050 285.
1348 1023 1376 1049 o‘.
1399 1024 1450 1050 49.
1466 1023 1516 1050 55.
1535 1023 1603 1050 154.
1619 1024 1691 1051 601.

195 1067 238 1093 π’.
258 1065 326 1092 175.
343 1064 378 1092 τ’.
396 1066 444 1093 76.
464 1065 512 1092 77.
528 1064 565 1100 φ’.
587 1065 655 1091 126.
680 1063 725 1100 ψ’.
742 1065 814 1092 465.
863 1063 903 1091 In
920 1063 1080 1093 nonnullis
1095 1063 1221 1102 quidem
1239 1064 1350 1092 horum
1376 1063 1548 1092 Aristarchi
1571 1072 1688 1093 nomen

196 1114 260 1134 non
277 1104 400 1144 legitur,
416 1115 486 1143 quae
509 1110 613 1133 tamen
631 1104 671 1134 ad
687 1105 900 1134 auctoritatem
918 1104 1001 1135 illius
1023 1105 1185 1135 referenda
1199 1116 1265 1135 esse
1280 1105 1384 1144 paullo
1401 1111 1468 1143 post
1491 1106 1690 1144 probabiliter

193 1147 367 1177 ostendam.
413 1147 507 1181 Quod
530 1147 555 1176 si
579 1147 709 1176 eruditis
731 1149 908 1185 probavero,
934 1148 1136 1185 Aristophani
1160 1148 1378 1178 celeberrimus
1400 1147 1571 1186 discipulus
1584 1148 1619 1178 in
1640 1149 1689 1181 his

200 1202 369 1233 ἀθετήσετιν
384 1200 590 1239 adstipulatus
605 1207 670 1230 est:
697 1206 742 1230 O‘.
759 1205 829 1231 164.
843 1219 886 1224 -
903 1204 972 1231 166.
992 1205 1059 1231 189.
1075 1205 1144 1232 255.
1160 1203 1185 1231 ι’.
1195 1205 1267 1232 684.
1278 1219 1321 1225 --
1336 1204 1407 1231 688.
1422 1207 1460 1232 κ’.
1474 1205 1547 1231 587.
1562 1205 1636 1233 597.
1646 1220 1691 1226 —

191 1258 263 1286 599.
287 1258 324 1285 λ’.
349 1258 419 1284 766.
434 1272 479 1277 --
494 1257 565 1285 784.
580 1256 755 1295 (νῶΐ-Ἶλός)
769 1254 800 1293 ξ’.
816 1257 867 1287 95.
885 1258 957 1284 215.
979 1258 1051 1285 517.
1068 1272 1111 1278 ——
1125 1256 1198 1284 527.
1221 1256 1251 1284 o‘.
1266 1258 1371 1285 56.—
1387 1258 1437 1287 77.
1464 1259 1533 1286 147.
1559 1259 1628 1286 148.
1651 1257 1692 1287 π’.

191 1312 264 1339 261.
280 1309 312 1339 α’.
329 1311 399 1339 597.
416 1311 487 1339 598.
503 1310 537 1338 τ’.
553 1312 625 1337 527.
642 1311 688 1347 ψ.
705 1312 775 1338 824.
798 1312 870 1340 825.
886 1311 923 1339 ω’.
946 1313 975 1340 6.
989 1326 1032 1332 -—
1049 1312 1076 1339 9.
1093 1311 1164 1338 614.
1180 1326 1223 1331 —-
1239 1311 1311 1339 617.
1357 1310 1481 1345 Quibus
1502 1309 1536 1339 in
1553 1309 1639 1346 locis,
1662 1310 1692 1340 si

193 1362 308 1390 paucas
333 1351 495 1389 exceperis,
512 1351 637 1391 egregia
663 1352 783 1381 critices
805 1352 978 1390 specimina
994 1362 1068 1386 esse,
1084 1358 1115 1380 et
1139 1351 1252 1385 partim
1267 1351 1421 1382 imitanda
1435 1352 1511 1382 mihi
1537 1353 1687 1391 putabam

195 1395 285 1424 uncis
308 1393 517 1432 expediendis,
535 1404 670 1434 quorum
687 1394 861 1424 defensioni
877 1395 957 1425 alius
974 1395 1059 1424 locus
1073 1394 1245 1424 destinatus
1260 1401 1314 1425 est.

237 1437 302 1467 Hic
318 1443 349 1466 et
363 1447 406 1466 eae
422 1438 573 1470 ἀθειτήσεις
596 1436 747 1467 addendae
763 1444 843 1472 sunt,
862 1437 894 1466 in
911 1437 1025 1478 quibus
1043 1437 1267 1475 Aristophanes
1284 1438 1483 1469 Zenodotum
1498 1445 1623 1469 secutus
1638 1443 1686 1470 est

193 1486 327 1520 quatuor
342 1480 452 1510 modis.
498 1479 626 1509 Etenim
643 1480 739 1520 aliqui
756 1491 861 1511 versus
876 1482 1003 1510 aberant
1023 1481 1061 1510 ab
1083 1481 1245 1520 utriusque
1269 1487 1364 1517 textu,
1389 1488 1424 1511 ut
1440 1481 1504 1512 duo
1519 1481 1565 1512 hi:
1597 1483 1687 1523 (nam

196 1523 300 1561 plures
316 1533 378 1552 non
394 1523 576 1561 notantur2)
601 1522 637 1553 κ’.
654 1527 726 1554 498.
751 1530 782 1554 et
797 1524 826 1554 0'.
841 1527 894 1553 35.
940 1523 1071 1553 Talibus
1086 1533 1160 1562 ergo
1176 1523 1251 1552 levis
1273 1523 1350 1554 fides
1374 1530 1420 1554 est
1442 1526 1481 1554 ab
1505 1525 1685 1565 antiquissi-

194 1567 254 1595 mis
275 1565 372 1595 libris:
400 1572 443 1600 ut,
460 1566 484 1594 si
506 1565 544 1594 de
560 1576 614 1595 vss.
644 1567 738 1606 hujus
755 1567 879 1606 generis
894 1572 1035 1596 accurate
1051 1576 1252 1596 moneremur
1267 1566 1299 1596 iu
1318 1567 1458 1602 Scholiis,
1475 1578 1538 1597 non
1554 1567 1689 1599 dubium

194 1615 247 1644 est,
271 1609 347 1649 quin
364 1608 457 1649 vulgo
473 1618 558 1638 nunc
575 1608 675 1638 multo
690 1609 778 1639 aliter
793 1616 826 1640 et
839 1609 954 1639 rectius
973 1609 1012 1640 de
1027 1609 1155 1648 antiqua
1177 1610 1235 1639 hac
1259 1609 1389 1639 audacia
1413 1611 1577 1643 ἀθετήσεων
1593 1611 1686 1641 senti-

194 1662 307 1681 remus.
353 1651 414 1681 Sed
432 1661 528 1690 pauca
544 1651 604 1686 illa,
629 1662 698 1692 quae
714 1654 898 1691 accepimuS,
922 1662 1032 1682 manca
1049 1659 1121 1682 sunt
1144 1652 1302 1682 interdum
1326 1659 1357 1682 et
1383 1654 1512 1688 turbata,
1536 1659 1686 1694 tanquam

194 1695 229 1724 in
245 1695 346 1732 priore
361 1695 491 1724 istorum
506 1694 734 1732 exemplorum,
759 1695 794 1725 κ’.
811 1699 892 1729 498,
916 1696 967 1725 cui
983 1695 1082 1725 versui
1100 1705 1181 1724 unus
1207 1695 1317 1724 saltem
1342 1706 1379 1725 ex
1406 1695 1556 1734 proximis
1581 1706 1687 1727 comes

194 1737 357 1768 addendus
372 1737 502 1767 videtur.
547 1737 631 1766 Tum
647 1738 701 1767 alii
719 1748 824 1768 versus
839 1749 857 1767 a
875 1738 1036 1768 Zenodoto
1058 1738 1225 1777 ἦθετημὲνοι
1241 1744 1337 1773 erant,
1361 1748 1439 1778 quos
1465 1738 1555 1777 plane
1583 1739 1689 1770 omisit

195 1780 427 1819 Aristophanes.
473 1780 594 1810 Verum
611 1787 734 1811 tantum
752 1791 835 1810 unus
850 1781 919 1811 talis
935 1787 1072 1818 notatur,
1097 1782 1129 1819 ξ’.
1157 1784 1226 1810 114.
1271 1780 1353 1810 Item
1380 1791 1482 1811 unum
1506 1782 1688 1821 exemplum

194 1823 330 1864 legimus
344 1833 489 1853 versuum
505 1824 544 1852 ab
564 1830 695 1862 utroque
712 1824 900 1863 ᾖθετημὲνων,
926 1826 958 1856 n'.
979 1828 1037 1855 195
1050 1842 1092 1846 —
1108 1827 1175 1854 199.
1221 1824 1332 1864 Longe
1358 1823 1474 1862 plures,
1497 1825 1609 1865 quibus
1632 1835 1690 1856 no-

194 1872 259 1896 tam
275 1866 450 1906 rejectionis
464 1867 654 1904 appinxerat,
680 1877 715 1896 ex
732 1877 769 1897 eo
784 1877 898 1906 genere
913 1874 1008 1901 erant,
1033 1866 1117 1906 quod
1141 1876 1180 1895 ne
1206 1867 1367 1905 scripserat
1392 1867 1519 1907 quidem
1544 1868 1687 1898 Zenodo-

194 1915 254 1945 tus,
278 1908 334 1940 οὐδὲ
351 1910 516 1951 ἐγεγράφει.
560 1909 686 1945 Quales,
710 1910 735 1939 si
753 1909 932 1940 Scholiastis
955 1910 1117 1944 credimus,
1142 1909 1174 1938 hi
1201 1909 1396 1948 potissimum
1423 1916 1510 1940 erant
1534 1912 1572 1940 ab
1598 1911 1687 1941 Aris-

197 1952 332 1991 tophane
347 1952 513 1990 νἰθετνιμὲνω
530 1952 549 1982 i.
567 1962 593 1982 e.
609 1955 688 1983 uotis
705 1955 895 1991 compuncti:
924 1956 969 1983 O'.
986 1956 1055 1982 284.
1073 1955 1135 1982 535
1147 1969 1190 1975 —
1205 1955 1277 1982 587.
1301 1955 1371 1983 555.
1393 1956 1465 1983 554.
1488 1953 1513 1983 ι’.
1531 1957 1571 1983 25
1582 1971 1626 1977 --
1637 1957 1688 1984 25.

193 1999 264 2026 690.
289 2000 324 2026 κ’.
341 1999 411 2025 253.
436 2000 472 2025 λ’.
493 1998 542 2025 15.
560 1998 606 2024 14.
624 1997 663 2025 78
679 2013 722 2019 —
736 1999 786 2025 85.
813 2000 882 2026 180.
898 1999 971 2026 556.
993 1999 1066 2026 515.
1091 1998 1130 2034 μ’.
1150 1998 1208 2025 175
1224 2013 1267 2018 —
1284 1999 1354 2025 180.
1370 1999 1441 2026 450.
1497 1996 1573 2026 Uno
1597 1995 1686 2026 deni-

193 2048 255 2078 que
270 2037 337 2068 loco
354 2040 393 2078 φ’.
410 2041 488 2073 150,
514 2037 566 2068 ubi
583 2039 667 2068 hunc
682 2045 713 2068 et
738 2049 819 2078 seqq.
835 2043 854 2069 5
872 2048 977 2068 versus
994 2037 1212 2077 compunxisse
1227 2037 1340 2068 dicitur
1357 2038 1589 2078 AristophaneS,
1614 2039 1686 2070 uni-

197 2091 235 2112 us
259 2081 353 2121 hujus
369 2080 534 2111 auctoritas
549 2080 695 2111 laudatur
710 2091 860 2116 seorsum.

237 2124 311 2155 Jam
327 2133 484 2154 summam
502 2123 545 2153 ini
563 2134 706 2154 versuum
724 2125 877 2159 omnium,
901 2124 975 2154 huic
993 2123 1110 2154 Critico
1127 2129 1355 2162 suspectorum
1382 2130 1414 2153 et
1438 2125 1570 2154 minime
1593 2125 1688 2155 mira-

194 2168 276 2202 bere,
301 2177 356 2197 cur
372 2167 424 2197 ille
438 2177 456 2196 a
473 2167 626 2196 veteribus
647 2177 800 2207 nusquam
817 2167 1061 2206 reprehendatur
1076 2168 1116 2197 ob
1132 2167 1246 2196 nimias
1269 2168 1431 2201 ἀθετήσεις.
1479 2167 1586 2197 Immo
1611 2168 1685 2199 satis

194 2210 334 2240 modeste
351 2210 431 2245 fecit,
454 2209 538 2249 quod
553 2220 605 2239 eos
619 2221 743 2250 quoque
764 2221 877 2245 versusr
900 2221 978 2250 quos
997 2211 1029 2240 Z.
1048 2209 1096 2239 vel
1119 2209 1273 2239 deleverat
1299 2210 1345 2239 vel
1370 2211 1402 2240 in
1427 2210 1515 2240 codd.
1533 2211 1596 2241 suis
1622 2221 1687 2241 non

193 2254 362 2288 invenerat,
386 2252 538 2291 apposuit,
563 2263 602 2282 ne
617 2253 693 2293 quid
709 2253 818 2283 fraude
833 2253 989 2283 videretur
1004 2252 1203 2289 subtraxisse,
1218 2252 1302 2292 quod
1329 2252 1409 2283 alius
1430 2253 1537 2284 forsan
1563 2254 1688 2284 Home-

193 2297 294 2326 ricum
306 2296 503 2335 judicaturus
518 2302 604 2325 esset.
652 2297 808 2326 Caeterum
826 2296 883 2326 etsi
900 2296 940 2326 de
956 2296 1004 2325 his
1021 2303 1051 2325 et
1066 2296 1136 2325 aliis
1161 2298 1252 2325 rebus
1267 2295 1377 2326 timide
1393 2296 1624 2336 conjiciendum
1640 2303 1687 2327 est

190 2345 316 2379 propter
331 2339 531 2379 reliquiarum
547 2338 642 2378 hujus
657 2339 780 2379 generis
795 2340 992 2377 paucitatem,
1017 2338 1094 2368 illud
1113 2345 1216 2368 tamen
1233 2339 1495 2369 verisimillimum
1511 2346 1564 2374 est,
1591 2341 1686 2370 Zeno-

191 2385 309 2413 doleum
326 2388 436 2413 temtum
456 2381 642 2411 Carminum
660 2382 914 2418 Homericorum,
938 2381 1022 2423 quod
1040 2381 1133 2412 hodie
1161 2381 1302 2417 dicimus
1317 2382 1457 2423 fundum
1483 2382 1579 2413 fuisse
1594 2383 1685 2413 Aris-

190 2427 345 2465 toplmnei.

233 2490 252 2509 a
277 2479 368 2509 Certe
383 2488 436 2516 per
450 2489 482 2508 se
497 2478 671 2518 spernenda
686 2489 750 2510 non
766 2479 867 2510 fuerat
889 2478 1027 2509 maxima
1051 2489 1121 2518 pars
1146 2480 1256 2509 harum
1284 2478 1467 2510 lectionum:
1498 2478 1536 2515 β’.
1551 2468 1629 2508 ΕΞ
1646 2478 1688 2517 γ’.

190 2524 271 2564 ἓῖεῗ
289 2525 478 2565 ..πε-112511.
500 2532 613 2562 12205.
633 2524 709 2563 Εἶτ’.
737 2533 771 2564 κ’.
788 2524 950 2564 Soa—549.
975 2537 1012 2560 λ’.
1043 2534 1110 2560 105.
1136 2534 1207 2562 545.
1229 2534 1302 2562 685.
1323 2532 1361 2568 μ’.
1379 2532 1430 2559 40.
1455 2532 1505 2559 68.
1528 2528 1556 2559 .’.
1580 2534 1608 2561 8.
1638 2534 1687 2562 12.

189 2590 241 2618 51.
262 2590 336 2617 564.
362 2589 433 2616 615.
456 2577 536 2616 ff?
549 2585 581 2624 ξ’.
598 2578 648 2614 ᾖ.
670 2586 700 2616 .’.
718 2577 766 2616 ῑὸ.
785 2588 854 2616 197.
879 2585 918 2615 π’.
935 2576 985 2615 323.
1007 2590 1041 2615 aa
1058 2588 1108 2615 55.
1125 2584 1160 2615 ι,-’.
1177 2589 1226 2615 96.
1255 2584 1324 2614 105.
1346 2586 1418 2612 386.
1465 2581 1570 2612 Immo
1585 2588 1685 2618 erunt,

191 2629 312 2669 opinor,
328 2629 441 2669 quibus
456 2629 618 2658 nonnullae
640 2638 746 2658 earum
768 2637 854 2657 nunc
877 2637 1001 2668 quoque
1028 2633 1114 2657 textu
1136 2627 1240 2667 dignae
1266 2624 1436 2660 videantur,
1461 2635 1559 2665 quum
1585 2627 1624 2656 ab
1649 2625 1709 2668 iisx

187 2673 356 2703 discessum
372 2671 468 2702 videri
483 2677 577 2711 queat
598 2672 701 2710 potius
715 2681 770 2711 per
786 2670 948 2700 libidinem
968 2675 999 2701 et
1013 2680 1174 2710 operosam
1196 2669 1405 2706 sedulitatem,
1427 2677 1522 2708 quam
1548 2668 1686 2699 meliori-

190 2717 250 2746 bus
264 2715 350 2745 libris
364 2713 520 2745 consultis.

233 2760 253 2788 b
275 2758 370 2789 Tales
383 2767 449 2788 esse
463 2756 540 2787 duxi
555 2757 718 2797 recepique
733 2757 765 2787 in
781 2757 888 2796 primis
904 2757 959 2786 has
974 2756 1060 2791 duas,
1084 2757 1192 2796 μάχην
1219 2765 1274 2795 pro
1298 2754 1404 2794 μάχης
1427 2755 1456 2784 o‘.
1483 2756 1565 2788 459„
1582 2754 1686 2786 ’Ὄσσαν

188 2801 210 2832 3·
227 2802 382 2842 ἐννεάχιλοι
398 2811 454 2840 pro
469 2800 508 2831 5¹0⁹.
526 2801 552 2831 τ’
577 2801 684 2840 ὲννεάχ.
714 2801 746 2839 ξ’.
772 2803 851 2833 148.,
875 2800 1070 2839 tertiamque,
1098 2799 1131 2828 ni
1157 2798 1256 2833 fallor,
1282 2808 1300 2827 a
1326 2797 1452 2836 vulgata
1472 2806 1536 2827 non
1562 2796 1689 2837 longius

190 2846 417 2879 abhorrentem,
441 2843 532 2883 cujus
555 2853 640 2873 nunc
667 2853 729 2873 non
754 2842 893 2872 memini.
949 2843 998 2872 Ac
1021 2842 1149 2872 forsitan
1178 2841 1315 2880 recipere
1342 2839 1520 2870 debuissem
1548 2840 1707 2880 aliquam,

190 2897 228 2917 ex
244 2887 291 2922 iis,
315 2897 392 2928 quas
418 2885 533 2917 Scholl.
559 2887 692 2925 probant
716 2885 860 2916 formulis
886 2885 958 2919 suis,
982 2886 1031 2915 οὐκ,
1061 2884 1241 2926 ἀχαρίστως,
1267 2889 1298 2914 et
1322 2882 1435 2922 μήποτε
1459 2883 1574 2922 ἄμεινον,
1600 2883 1645 2924 (11.
1661 2893 1688 2913 e.

186 2932 293 2962 melius
298 2931 444 2971 jur-lasse,
467 2931 551 2962 haud
575 2931 635 2961 scio
661 2940 703 2960 an
730 2931 837 2960 melius
854 2927 987 2969 siret-ia)
1012 2933 1047 2958 ut
1072 2931 1100 2959 ν’.
1128 2931 1201 2959 502.
1216 2927 1336 2970 *Ji-griffini
1357 2936 1387 2966 p.
1404 2925 1515 2968 orgia-u
1531 2926 1607 2967 etc.)
1631 2930 1689 2956 aut
