1856 3235
588 206 900 254 ὈΜΗΡΟΥ
933 205 1103 254 ΒΙΟΣ.
1502 210 1597 252 395

103 345 255 410 Εὑρεΐ,
279 343 340 391 ἔτ’
359 342 418 424 ἀρ’
446 337 674 418 ὑπερθορέειν
688 335 879 398 σχεδον,’
861 339 931 383 3’τε
949 340 1117 400 περῆσαι
1134 336 1301 389 ῬηὶἫδιη
1324 334 1488 400 κρημνοὶ
1509 335 1593 400 γὰρ

101 411 303 475 ἐπηρεφέες
325 407 411 471 περὶ
427 407 566 452 πᾶσαν
585 404 777 453 ’Έςασαν
799 403 1073 466 ἀμφοτέρωθεν
1105 401 1264 465 ὕπερθεν
1288 401 1328 447 δὲ
1351 403 1590 449 σκολόπεσιν

102 477 267 532 Ὀξέσιν
289 475 419 551 7'13713213
453 489 526 523 τ3ς
559 469 707 519 ἐ’ςασαν
745 468 823 521 υἷες
857 467 1050 529 Ἀχαιῶν
1086 466 1253 519 Πυκν3ς
1285 466 1362 513 καὶ
1384 470 1588 529 μεγάλ3ς,

106 543 214 597 δηΐων
236 540 374 603 ἀνδρῶν
396 536 576 600 ἀλεωρην.
624 534 713 582 Καὶ
745 534 976 598 μαχόμενοι
1010 534 1207 587 ὃνησκ3σι
1247 551 1431 592 γενναιως
1464 536 1505 580 οἱ
1522 536 1593 581 τ3-

105 627 189 661 τοις
211 605 400 668 ἑπόμενοι.
469 601 546 655 Μῆ
582 601 669 664 μοὶν
708 600 889 647 ἀσπ3δεί
922 619 984 661 γε,
1024 599 1101 646 καὶ
1139 599 1311 650 ἀκλειῶς
1350 599 1592 662 ἀπολοίμην,

105 671 256 720 Ἀλλα
276 669 392 733 μέγα
423 666 536 732 ῥέξας
575 687 616 714 τι
652 666 728 714 καὶ
757 666 997 729 ἐσσομένοισι
1037 663 1256 712 πυθέσθαι.
1332 664 1421 711 Και
1457 667 1549 711 πα)
1551 684 1594 711 ιν

100 739 191 791 “05
223 737 263 783 δέ
300 753 364 780 κεν
401 733 528 796 ὑμέων
548 734 789 815 ’Βλημενοῇ
830 732 871 787 ἠὲ
908 751 1064 787 τυπεις,
1105 732 1287 778 θάνατον
1321 749 1396 776 και
1436 730 1595 793 πότμον

112 804 271 864 ἐπίσπῃ,
297 800 499 846 Τεθνατω·
539 801 563 847 ἐ
599 817 635 845 οι
671 797 801 852 ἀεικὲς
845 798 1080 861 ἀμυνομένῳ
1125 815 1211 860 περι
1252 798 1408 859 πάτρης
1446 799 1597 843 Τεθνοί-

113 887 195 932 μεν.
255 864 344 913 Και
369 885 451 918 τοις
471 863 543 927 μὲν
566 866 738 928 ἀριςεῦσι
763 864 863 928 γέρα
904 864 1078 926 νέμεται·
1118 863 1273 909 ”Αλλα
1315 861 1347 908 δ’
1373 863 1598 925 ἀριστήεσσι

107 933 196 981 δι’δ3
208 931 321 996 γέρα,
336 951 410 978 και
429 934 658 994 βασιλεῦσι.
699 932 797 983 Τοις
821 929 860 977 δὲ
877 939 923 976 λε
908 931 1176 981 ιποτάκταις
1191 929 1360 975 ἀπειλεῖ·
1382 929 1471 974 uOta
1489 928 1522 973 δ’
1551 929 1602 974 ἀν

108 998 204 1060 ἐγων
218 998 429 1045 ἀπάνευθε
444 1001 527 1044 νεῶν
551 996 747 1044 ἐθέλοντα
771 997 902 1052 νοὴσω,
922 996 1047 1042 Αὐτ3
1070 997 1110 1041 οἱ
1127 995 1309 1041 θάνατον
1333 994 1603 1057 μητίσσομαι.

171 1065 247 1111 Ἐν
271 1063 311 1110 δὲ
350 1083 442 1116 ταις
478 1061 647 1126 μάχαις
687 1062 724 1109 ὃν
760 1061 830 1125 μὲν
870 1061 1014 1125 τρόπον
1053 1081 1128 1107 και
1159 1059 1266 1113 ὅπως
1300 1060 1495 1124 διαφόρως
1529 1080 1603 1106 και

111 1130 310 1182 ποικιλως
330 1149 403 1182 τ3ς
424 1129 551 1192 ἥρωας
574 1133 683 1175 ποιεῖ
697 1147 1002 1210 τιτρωσκοντας,
1026 1146 1100 1173 και
1124 1126 1451 1190 τιτρωσκομένες,
1482 1126 1530 1172 τί
1549 1126 1611 1171 δε
1574 1144 1602 1171 ι

113 1196 263 1256 λέγειν;
303 1196 418 1242 ἐκεῖνο
443 1194 528 1241 ‹36‘
507 1197 738 1256 υπομνῆσαι
761 1192 920 1249 οἵξιον,
907 1193 968 1239 ότι
991 1192 1065 1246 τ3ς
1079 1191 1151 1256 μὲν
1166 1191 1334 1256 πρόςῧεν
1351 1192 1606 1255 τετρωμέν3ς,

114 1261 351 1342 ἐνδοξοτέρ3ς
374 1261 589 1323 ἧγ3μεῧα,
626 1260 703 1307 ἅτε
736 1259 804 1313 τὴν
839 1260 885 1307 ἐκ
920 1278 972 1305 τ3
1008 1257 1216 1308 συνεςάναι
1250 1277 1324 1304 και
1366 1257 1537 1321 παραμέ
1540 1276 1609 1303 νειν

115 1327 339 1408 προθυμιαν
363 1326 623 1380 δεικνύοντας·
660 1346 733 1379 τ3ς
767 1325 806 1372 δὲ
837 1324 886 1372 τὸ
908 1329 1035 1381 νῶτον,
1069 1325 1092 1378 ἢ
1117 1323 1166 1371 τό
1187 1322 1369 1388 μεταφρε
1356 1343 1429 1369 νον
1451 1332 1611 1376 πεπλν-

119 1393 273 1475 γότας,
290 1392 543 1455 ἀτιμοτέρες,
561 1412 612 1445 ως
629 1393 663 1438 ἐν
686 1411 742 1438 τω
767 1391 923 1452 φεῦγειν
945 1410 1046 1438 τ3το
1064 1390 1326 1442 πεπονθότας.
1398 1389 1486 1435 Και
1509 1393 1613 1435 ταῦ-

119 1478 177 1505 τα
196 1465 240 1505 ἐν
258 1458 430 1522 ἑκάτερα
452 1458 507 1507 ἐςι
530 1459 624 1522 παρ’
669 1459 855 1522 “Ομῆρω·
920 1459 1050 1536 Εἴπερ
1080 1476 1162 1520 γαρ
1184 1476 1258 1502 και
1282 1459 1396 1518 βλειο
1421 1473 1511 1501 πονε
1498 1454 1613 1517 ὑμε-

117 1543 189 1580 νος,
215 1523 255 1578 ἠὲ
277 1542 454 1579 τυπειης,
500 1524 642 1570 Οὐκ.’
621 1524 672 1570 α’ν
704 1524 765 1570 ἐπ’
795 1521 930 1583 aux&
958 1522 1106 1569 ὄπισθε
1138 1522 1251 1568 πέσοι
1289 1522 1423 1584 βέλος,
1465 1521 1546 1567 ἐδ’
1564 1520 1616 1567 ἐνι

118 1609 237 1652 νωτω,
269 1590 423 1636 Ἀλλά
444 1607 509 1635 κεν
549 1590 571 1643 ἢ
607 1589 747 1653 ςέρνων,
782 1590 804 1643 ἣ
847 1589 979 1643 νηδύος
1018 1589 1215 1635 αντιάσειε
1249 1588 1419 1651 Πρόσσω
1454 1586 1617 1649 ἱεμένοιο

123 1653 236 1719 μετοὶ
258 1657 482 1719 προμάχων
516 1655 680 1719 ὀαριςὺν.
749 1654 838 1701 Και
860 1656 998 1701 πάλιν·
1047 1655 1117 1700 Οὐ
1140 1655 1192 1716 μέ
1180 1673 1212 1699 ν
1235 1672 1306 1716 μοι
1330 1653 1518 1713 φεύγοντι
1542 1671 1615 1715 με·

123 1720 300 1786 ταφρένω
323 1722 358 1767 ἐν
382 1720 472 1784 δόρυ
490 1722 638 1776 πηξεις,
678 1721 810 1767 ”Αλλ
839 1720 936 1773 ι’θυς
969 1738 1161 1783 μεμαωτι
1186 1719 1253 1765 δια
1281 1720 1472 1799 ςηθεσφιν
1497 1718 1621 1764 ἐλασ-

127 1804 204 1834 σον.
252 1787 464 1850 Χρησιμως
488 1786 528 1833 δε
550 1806 623 1833 και
640 1788 674 1833 ἐν
697 1790 751 1850 τῇ
774 1789 902 1850 τροπῆ
918 1790 992 1832 τῶν
1016 1786 1220 1848 πολεμιων
1244 1803 1427 1864 παραινει
1450 1783 1507 1847 μὴ
1532 1802 1618 1848 περι

124 1852 182 1900 τοὶ
209 1857 349 1900 σκῦλα
372 1852 576 1913 γίνεσθαι,
601 1851 701 1915 μηδὲ
725 1839 911 1899 ἐνδιδόναι
928 1871 1064 1916 καιρον
1088 1855 1234 1911 φυγης,
1267 1849 1362 1897 ἀλλ’
1390 1851 1623 1911 ἐγκεῖσθαι,

122 1937 196 1965 και
222 1919 383 1965 διωκειν·
453 1920 529 1973 Μή
553 1938 615 1971 τις
637 1923 698 1966 νῦν
723 1919 857 1981 ἐναρων
880 1917 1207 1981 ἐπιβαλλόμενος
1222 1917 1473 1980 μετόπισθεν
1501 1917 1625 1979 Μιμ-

133 1985 242 2040 νέτω,
266 1985 317 2038 ὥς
333 2003 397 2031 κεν
419 1990 566 2034 πλεῑςα
591 1985 707 2048 φέρων
726 1983 793 2031 ἐπὶ
809 1982 902 2037 νῆας
925 1984 1075 2038 ἵκηται.
1144 1984 1276 2029 Ἀλλ’
1300 1983 1447 2046 ἄνδρας
1468 1982 1626 2029 κτείνω-

127 2121 159 2146 et
173 2114 258 2155 apud
271 2115 450 2146 Homerum
462 2115 497 2146 fit.
508 2117 656 2147 :-Fossa
670 2117 780 2147 etenim
790 2115 867 2156 fuit
881 2117 935 2146 illa
952 2117 1067 2150 timori,
1081 2115 1164 2146 Lata
1179 2125 1234 2145 nec
1249 2120 1283 2145 ut
1297 2115 1400 2149 satias,
1413 2123 1469 2145 nec
1483 2116 1521 2145 sit
1534 2124 1628 2154 pene-

128 2160 248 2190 trahitis
270 2161 337 2189 ulli.
376 2161 496 2190 IVamve
521 2161 558 2190 ab
583 2165 709 2199 utroque
729 2160 813 2188 labro
831 2161 911 2190 stetit
927 2161 1034 2198 ingens
1055 2169 1164 2198 aggere
1186 2159 1308 2193 vallum,
1332 2159 1474 2197 Desuper
1495 2164 1528 2187 at
1551 2168 1633 2188 com-

125 2202 297 2244 poctasuit
310 2203 434 2233 sudibus
446 2205 628 2242 praeacutis,
647 2204 727 2236 Quos
744 2203 856 2232 Danai
869 2213 993 2237 crassos,
1008 2212 1194 2241 magnosque
1205 2203 1295 2241 prius
1310 2206 1450 2235 statuere,
1467 2199 1633 2241 Effugiant

128 2252 164 2276 ut
175 2246 293 2287 fierent
307 2246 465 2276 adversum
480 2247 602 2276 hostilia
617 2247 688 2276 tela.
732 2245 831 2276 Porro
845 2246 897 2285 qui
914 2245 1019 2275 isthaec
1042 2251 1206 2279 sectantur,
1227 2253 1412 2285 generosam
1428 2251 1564 2274 mortem
1578 2254 1636 2282 op-

132 2293 253 2328 petunt.
299 2289 373 2318 Non
395 2289 495 2318 studio
510 2291 584 2323 sine,
608 2299 669 2319 non
685 2290 836 2328 inglorius
859 2290 1060 2319 interiturus:
1086 2289 1145 2319 Ast
1159 2289 1280 2327 aliquid
1291 2287 1427 2328 faciens,
1451 2298 1509 2328 quo
1524 2288 1634 2317 lauder

129 2333 316 2372 posteritate.
359 2331 404 2362 Et
418 2341 544 2362 rursus:
577 2333 757 2363 Vulneribus
779 2335 955 2372 quicunque
970 2342 1073 2362 necem
1087 2333 1146 2362 sibi
1159 2333 1250 2362 sentit
1266 2333 1377 2366 adesse,
1397 2330 1528 2361 Mortem
1542 2331 1635 2365 obeat,

133 2376 178 2406 sic
195 2385 253 2414 pro
272 2375 380 2414 patria
395 2381 437 2405 est
460 2375 632 2406 occumbere
646 2376 775 2406 clarum.
823 2374 929 2415 Atque
942 2374 1075 2405 fortibus
1096 2374 1225 2415 quidem
1241 2374 1368 2413 praemia
1381 2374 1633 2405 distribuuntur:

133 2418 269 2449 Munera
285 2419 340 2448 dat
355 2419 582 2457 praestantibus,
605 2420 734 2458 egregiis
747 2419 942 2458 ducibusque.
987 2418 1078 2448 Aciei
1094 2427 1166 2448 vero
1181 2417 1391 2448 desertoribus
1406 2417 1636 2448 comminatur:

139 2461 353 2500 Quemcunque
364 2472 383 2490 α
399 2462 516 2492 ratibus
529 2462 618 2500 longe
631 2463 782 2500 deprendo
795 2463 948 2496 volentem,
964 2462 1060 2492 Isthic
1074 2467 1144 2491 atra
1161 2467 1263 2491 manet
1278 2472 1358 2491 mors
1372 2463 1465 2492 hunc.

181 2504 220 2534 In
230 2503 346 2544 pugnis
356 2503 746 2544 autem,quemadmodum
758 2514 851 2545 quam
863 2504 1050 2540 differenter,
1057 2510 1089 2534 et
1100 2514 1194 2544 quam
1205 2504 1289 2534 varie
1298 2504 1423 2534 Heroas
1433 2510 1465 2535 et
1476 2503 1640 2533 vulnerare

137 2552 169 2578 et
182 2545 339 2577 vulnerari
355 2546 457 2582 faciat,
474 2546 551 2587 quid
565 2547 669 2577 dicere
684 2547 815 2578 attinet?
832 2547 918 2578 Illud
930 2557 1002 2577 vero
1017 2547 1181 2578 admonitu
1195 2547 1331 2588 dignum
1342 2553 1396 2584 est,
1406 2547 1492 2588 quod
1506 2557 1569 2582 eos,
1586 2546 1640 2586 qui

139 2589 266 2621 adversa
280 2589 411 2620 vulnera
425 2595 620 2630 acceperunt,
631 2590 815 2621 illustriores
830 2590 1054 2627 existimamus,
1066 2597 1175 2630 utpote
1189 2591 1243 2631 qui
1254 2590 1446 2629 persistendo
1457 2600 1493 2620 ac
1503 2599 1642 2628 perseve-

138 2632 236 2664 rando
247 2632 345 2663 animi
361 2633 640 2673 promptitudinem
655 2633 822 2664 declarent.
848 2637 876 2664 A
890 2640 979 2674 tergo
993 2640 1108 2669 autem,
1122 2641 1153 2664 et
1168 2644 1186 2664 a
1200 2634 1292 2664 dorso
1306 2635 1392 2670 ictos,
1403 2632 1643 2675 ignominiosio-

138 2685 196 2712 res,
206 2675 321 2717 quippe
335 2676 391 2716 qui
405 2677 466 2707 hoc
481 2677 562 2707 inter
573 2675 765 2718 fugiendum
777 2677 911 2716 perpessi
925 2678 997 2707 sint.
1022 2677 1168 2713 Quorum
1184 2684 1355 2717 utrumque
1366 2676 1452 2716 apud
1462 2676 1646 2706 Homerum

139 2724 205 2750 est:
240 2719 371 2750 Vulnera
385 2730 422 2751 ne
437 2726 519 2760 tergo
534 2722 649 2760 capias,
672 2721 843 2760 cerviceque
858 2721 954 2756 nulla,
979 2722 1084 2752 Venere
1100 2723 1151 2752 sed
1166 2723 1298 2756 adverso,
1314 2722 1366 2751 sed
1382 2726 1459 2760 pecc
1455 2720 1579 2760 ircfira
1595 2729 1648 2748 sa·-

138 2764 217 2803 gitta
236 2762 423 2798 condecoret,
435 2765 599 2803 primaque
614 2765 685 2794 velis
699 2765 859 2795 decernere
871 2775 934 2803 pug
938 2775 988 2794 na.
1012 2764 1056 2794 Et
1070 2774 1192 2795 rursus:
1214 2765 1386 2804 IVunquam
1404 2765 1447 2793 mi
1462 2763 1649 2801 scapulisfi-

140 2815 193 2845 ges
208 2807 326 2836 hastam
335 2805 493 2846 fugienti,
510 2809 569 2837 Sed
584 2809 674 2847 cupio
689 2809 812 2838 adverso
817 2807 856 2846 f
857 2809 922 2838 rias
937 2818 984 2837 me
995 2813 1116 2847 pectore
1135 2813 1298 2848 promtum.
1346 2807 1424 2836 Com
1430 2805 1521 2835 mode
1541 2810 1649 2834 autem

143 2848 178 2878 in
193 2847 332 2878 hostium
347 2849 425 2890 fuga
438 2848 597 2885 admonet,
612 2860 653 2880 ne
667 2850 749 2880 circa
765 2850 863 2889 spolia
877 2850 1020 2889 occupati
1034 2850 1105 2887 sint,
1123 2861 1201 2882 neve
1217 2850 1358 2880 hostibus
1373 2847 1544 2889 effugiendi
1560 2857 1649 2877 occa-

145 2890 267 2922 sionem
289 2890 372 2928 dent,
396 2891 451 2923 sed
466 2892 510 2924 eis
525 2892 714 2925 immineant
736 2903 771 2924 ac
788 2899 1028 2935 persequantur:
1056 2895 1188 2927 Exuvias
1210 2895 1336 2925 inhians
1359 2894 1461 2923 nullus
1480 2902 1532 2932 pu
1524 2898 1547 2920 c
1567 2897 1594 2921 te
1598 2902 1631 2929 νς
1634 2901 1652 2920 α
