1856 3235
258 204 354 242 402
747 199 1057 248 ὈΜΗΡΟΥ
1090 198 1262 248 ΒΙΟΣ.

260 336 398 374 λοντα.
465 325 589 374 Ἐπει
611 327 652 375 δὲ
673 348 747 376 και
773 330 794 376 6
803 331 971 384 *Έλενος
1008 333 1206 386 αὐτηκοός
1229 345 1322 391 φησι
1347 331 1466 384 θείας
1483 337 1607 391 φωνῆς
1630 354 1751 395 γεγο-

260 392 373 439 νέναι·
406 394 498 446 ‘Oc
520 394 605 476 γαρ
628 394 725 454 ἑγῶν
749 395 814 442 ὄπ’
843 397 984 444 α’κεσα
1008 400 1108 444 θεῶν
1132 400 1415 458 αἰειγενετάων·
1450 399 1618 462 παρέχει
1659 420 1753 447 πισ-

258 459 394 515 τείνειν,
429 458 490 507 ὅτι
513 479 587 506 και
628 460 888 525 Σωκράτης’
869 462 955 509 owni
987 467 1058 516 τῆς
1093 468 1146 510 τέ
1182 463 1367 526 δαιμονιε
1402 468 1525 522 φωνῆς
1559 466 1751 526 ἐμαντευ-

258 542 335 571 ετο.

325 590 446 643 Τι”ς
427 601 484 638 ε’τι
507 593 813 639 καταλείπεται
844 593 993 653 λογικῆ
1030 594 1162 654 τέχνη,
1198 595 1220 647 ἦ
1258 595 1449 657 ἑπιςημης
1482 594 1635 642 Ἀλλοὶ
1674 595 1752 658 μὴν

255 654 333 703 καὶ
353 657 377 710 ἦ
402 658 628 720 Τραγωδια
652 657 720 711 τὴν
743 659 868 721 ἀρχὴν
892 659 1076 722 ἔλαβεν’
1065 662 1104 714 εξ
1127 661 1294 722 Ομῆρε
1328 662 1380 712 εἰς
1407 660 1527 721 ὄγκον
1552 662 1754 725 πραγμά-

255 741 332 769 των
353 741 427 769 και
450 723 582 783 λόγων
606 724 831 787 ἐπαρθεῖσα.
895 726 990 774 ’Έςι
1016 723 1097 788 γὰρ
1121 725 1216 788 παρ’
1246 726 1360 787 αὐτῷ
1397 727 1480 772 πᾶν
1516 726 1615 779 εἶδος
1655 746 1752 790 τρα-

255 787 469 850 γωδιΗας,
459 789 558 869 ε’ργα
580 791 769 852 μεγάλα,
804 789 880 837 καὶ
903 791 1133 854 παράδοξα,
1167 811 1241 837 και
1267 793 1366 838 θεῶν
1399 792 1640 850 ἐπιφάνειαι,
1677 812 1750 838 και

253 853 372 913 λόγοι
396 856 648 918 φρονῆματος
677 874 803 917 μεςοι,
838 876 912 902 και
951 858 1057 911 ἠθῶν
1094 875 1294 909 παντοιως
1332 858 1561 919 μιμητικοί.
1632 857 1754 904 Συνε-

253 919 363 966 λ6ντι
388 920 429 967 δὲ
453 922 583 977 εἰσι-ειν,
607 920 668 968 ὅτι
693 920 778 968 ἑδεν
802 922 924 977 οἵλλο,
951 923 1048 968 ἀλλ’
1076 924 1098 977 ἢ
1123 923 1322 987 δραματα
1347 924 1457 969 αὐτέ
1481 924 1535 972 {sc
1559 943 1616 969 τα
1639 924 1754 977 ποιῆ-

252 1005 393 1048 ματα,
429 984 558 1049 σεμνοὶ
580 1006 666 1049 μεν,
701 1007 774 1033 και
800 988 998 1051 επηρμένα
1033 991 1084 1052 τῇ
1119 988 1234 1043 λέξει,
1269 1008 1344 1035 και
1383 992 1435 1052 τῇ
1473 989 1642 1051 διανοιά,
1677 1008 1751 1035 και

252 1057 335 1104 τοῖς
370 1053 631 1133 πράγμασιν·
665 1054 719 1099 ἐκ
755 1052 903 1112 έχοντα
944 1053 983 1100 δε
1025 1054 1184 1100 ἀνοσίων
1216 1054 1333 1117 ε’ργων
1357 1054 1573 1109 επιδείξεις,
1610 1055 1753 1117 γάμες

253 1117 501 1179 ἀθεμιῃτες,
488 1137 510 1170 η
535 1117 736 1164 παιδων“
714 1138 736 1171 η
760 1118 898 1177 γονέων
915 1117 1108 1201 σφαγας,
1133 1120 1155 1172 ἢ
1180 1118 1256 1165 ὅσα
1281 1119 1399 1165 οἵλλα
1423 1121 1445 1172 ἦ
1469 1119 1631 1182 νεωτέρα
1655 1139 1751 1182 τρα-

252 1183 386 1244 γωδια
412 1201 685 1246 τερατευεται,
710 1181 827 1230 ἀλλα
850 1204 924 1230 και
948 1183 1045 1230 ὅταν
1069 1185 1209 1230 ‘roserat
1243 1183 1345 1236 τινός
1379 1186 1624 1247 επιμνησῧῃ,
1665 1186 1752 1231 ἑπι-

250 1267 461 1310 καμπτειν
495 1249 674 1310 μαλλον,
709 1250 731 1302 ἢ
769 1249 962 1312 ὀνειδίζειν
1002 1251 1192 1329 πειρᾶται
1230 1248 1278 1296 τὸ
1313 1250 1560 1332 ἀμαρτημα,
1595 1269 1656 1329 ως,
1683 1269 1749 1296 em

250 1317 322 1367 τῆς
349 1315 693 1378 Κλυταιμνηςρας
716 1315 922 1369 πεποίηκε.
957 1314 1052 1374 φησι
1075 1335 1170 1378 γαρ,
1205 1314 1266 1361 ὅτι
1304 1314 1414 1378 φρεσι
1451 1313 1611 1379 κέχρητ’
1637 1315 1750 1375 ἀγα-

251 1383 338 1442 θῇσι
361 1379 410 1425 τό
433 1379 628 1444 πρότερον,
664 1380 733 1434 ἕως
756 1380 939 1444 παρόντα
964 1382 1045 1441 εἶχε
1075 1380 1140 1428 τᾶν
1165 1379 1309 1436 ἀοιδὰν,
1344 1382 1479 1430 τετέςι
1503 1381 1751 1427 διδάσκαλόν

249 1465 341 1492 τινα
366 1444 448 1492 ὑπὸ
469 1450 523 1493 er&
545 1446 866 1509 Ἀγαμέμνονος
890 1448 1143 1502 ἐπιςαθέντα,
1168 1445 1274 1499 ὅπως
1298 1447 1407 1510 αὐτῇ
1441 1444 1499 1493 τοὶ
1523 1446 1642 1510 οἵριςα
1666 1465 1751 1494 πα-

249 1514 372 1575 ραινῇ.
443 1514 578 1559 Tea-ov
602 1512 642 1560 δὲ
678 1513 724 1559 ἐκ
764 1513 939 1559 τοδων“
917 1532 937 1559 ο
963 1515 1175 1573 Αἴγισθος
1197 1513 1377 1575 θέμενος,
1413 1512 1647 1576 παρέπεισεν
1672 1515 1746 1559 αὐ-

249 1597 318 1631 την
342 1579 641 1641 εξαμαρτανειν.
714 1577 839 1626 Και
825 1578 886 1627 ότι
925 1578 946 1625 6
967 1579 1138 1642 Ὀρέςης
1173 1578 1341 1631 δικαιως
1381 1579 1656 1660 ἐτιμωρήσατο
1690 1582 1748 1640 τῷ

249 1643 391 1708 πατρι,
432 1643 499 1690 τόν
526 1646 735 1704 Almo-Sora
773 1643 1032 1700 ἀποκτεινας,
1068 1664 1136 1698 την
1177 1644 1217 1692 δε
1257 1663 1328 1698 της
1366 1663 1516 1725 μητρος
1556 1644 1748 1707 ἀναίρεσιν

248 1709 486 1771 ἁπεσιᾝγησε
557 1710 647 1757 Και
670 1711 788 1758 ἄλλα
811 1708 955 1757 πολλα
977 1715 1155 1757 τοιαῦτα
1179 1710 1304 1757 ἰδεῖν’
1292 1728 1345 1758 εςι
1370 1707 1487 1773 παροὶ
1510 1729 1567 1756 τω
1585 1727 1747 1773 ποιητν,

248 1777 481 1840 τραγωδίαν
505 1775 657 1857 σεμνῆν,
691 1797 767 1823 και
792 1779 846 1824 ἐκ
869 1777 1130 1840 ἀπανθρωπον
1155 1777 1362 1840 γράφοντι.

319 1842 451 1890 Οὐδεν
474 1840 515 1888 δε
538 1843 708 1890 ἔλασσον
742 1862 816 1889 και
857 1844 879 1896 ἡ
924 1842 1132 1905 Κωμῳδια
1173 1841 1322 1889 ενῧένδε
1363 1840 1477 1888 ποθεν
1511 1840 1641 1895 ἔλαβε
1678 1839 1746 1894 τὴν

248 1909 440 1972 ἀφορμήν.
508 1905 612 1972 Εὑρε
657 1928 741 1972 γαρ
763 1907 824 1955 ὅτι
847 1928 922 1955 και
946 1926 1063 1971 παρα
1085 1927 1142 1954 τω
1180 1927 1238 1954 τα
1278 1907 1516 1970 σεμνότατα
1539 1926 1613 1953 και
1639 1906 1750 1967 ὑψη-

249 2038 517 2080 Quandoquidem
531 2050 603 2071 vero
620 2039 766 2070 Helenus
780 2049 813 2069 se
824 2038 939 2068 divinae
949 2038 1033 2069 vocis
1045 2037 1220 2068 auditorem
1229 2038 1326 2068 fuisse
1335 2037 1483 2077 praedicit,
1516 2038 1656 2068 Auribus
1665 2039 1747 2069 hisce

247 2092 321 2112 mezs
339 2093 435 2113 vocem
452 2085 545 2114 hausi
566 2093 698 2122 namque
712 2084 846 2118 deorum,
870 2081 1018 2112 credendi
1032 2081 1230 2112 occasionem
1245 2082 1370 2120 praebet,
1395 2079 1480 2122 quod
1496 2085 1527 2111 et
1543 2080 1684 2111 Socrates
1706 2082 1746 2111 ab

246 2124 334 2155 illius
349 2124 497 2156 daemonii
511 2136 586 2157 voce
601 2125 834 2155 vaticinabatur.

291 2168 373 2204 Quae
387 2175 535 2208 praeterea
548 2168 708 2200 rationalis
732 2178 790 2203 ars,
816 2172 871 2197 aut
885 2166 1013 2197 scientia
1037 2167 1158 2208 reliqua
1173 2166 1230 2197 fit?
1254 2167 1325 2197 Imo
1341 2176 1413 2196 vero
1432 2172 1464 2197 et
1490 2165 1657 2207 Tragoedia
1671 2177 1742 2207 quae

246 2215 280 2240 et
293 2220 398 2241 rerum
414 2217 445 2242 et
459 2214 632 2243 verborum
646 2211 921 2252 magnificentia³³
902 2210 1018 2241 caudet
1032 2211 1072 2240 ab
1096 2211 1240 2240 Homero
1255 2210 1411 2250 originem
1433 2210 1575 2248 sumpsit.
1621 2210 1744 2240 Omnes

247 2263 384 2294 namque
409 2255 584 2296 Tragoediae
598 2254 715 2294 species
740 2253 824 2293 apud
838 2264 913 2284 eum
928 2259 1009 2289 sunt,
1034 2253 1117 2283 facta
1139 2252 1307 2293 magnifica
1335 2259 1366 2282 et
1391 2252 1592 2289 admiranda3
1612 2252 1745 2283 deorum

247 2297 463 2336 apparitiones,
473 2281 643 2329 ”orationes
664 2297 748 2327 fastu
764 2296 906 2336 turgidae,
931 2307 966 2327 ac
989 2296 1232 2337 omnigenorum
1255 2306 1383 2326 morum
1406 2295 1597 2326 imitatrices.
1642 2296 1687 2325 Et
1708 2302 1745 2325 ut

246 2340 431 2370 summatim
446 2340 558 2377 dicam,
575 2341 721 2380 poemata
731 2341 799 2379 ejus
821 2339 901 2370 nihil
916 2339 1003 2370 aliud
1024 2346 1107 2375 sunt,
1120 2349 1216 2380 quam
1230 2345 1317 2369 actus
1329 2349 1439 2379 graves
1453 2345 1484 2369 et
1499 2338 1656 2374 sublimes,
1680 2338 1745 2369 sive

245 2382 426 2419 dictionem,
442 2384 505 2414 sive
520 2395 568 2414 res
583 2395 619 2414 ac
634 2384 803 2414 sententias
817 2388 943 2422 spectes.
991 2382 1082 2413 Nec'
1072 2383 1244 2422 impiorum
1261 2382 1438 2413 facinorum
1453 2381 1742 2417 demonstrationes,

244 2431 283 2456 ut
297 2432 371 2457 sunt
386 2427 504 2465 nuptiae
518 2427 703 2468 illegitimae,
724 2426 893 2456 liberorum
911 2431 966 2456 aut
987 2431 1154 2465 parentum
1170 2425 1275 2460 caedes,
1301 2432 1357 2455 aut
1377 2425 1438 2455 alia
1460 2430 1610 2464 portenta,
1634 2434 1704 2464 quae
1727 2435 1746 2454 a

244 2469 409 2500 recentiori
425 2469 591 2511 Tragoedia
606 2470 781 2510 finguntur,
797 2469 968 2500 continent.
1015 2469 1088 2499 Imo
1103 2479 1175 2499 vero
1190 2479 1288 2509 quum
1304 2467 1458 2509 ejusmodi
1480 2467 1642 2508 quippiam
1656 2476 1743 2497 cotn-

245 2512 405 2550 meminit,
420 2512 571 2544 delictum
586 2513 687 2554 magis
702 2519 879 2547 extenuare,
896 2522 990 2553 quam
1007 2513 1191 2551 exprobrare
1207 2518 1346 2542 conatur.
1391 2511 1461 2541 Ut
1452 2521 1486 2540 ιιι
1503 2510 1743 2550 Clytaemnestra

243 2554 327 2586 fecit.
353 2555 397 2585 ait
412 2565 549 2597 namque
570 2567 641 2587 eam
639 2538 738 2586 ξ’ὶιοιιει
762 2562 868 2586 mente
884 2555 1047 2595 praeditam
1069 2555 1171 2590 fuisse,
1195 2554 1335 2595 quandiu
1357 2553 1588 2593 philosophum,
1613 2553 1673 2583 hoc
1696 2559 1743 2583 est

243 2605 467 2638 praeceptorem
482 2599 639 2639 quendam
662 2601 700 2630 ab
717 2599 961 2639 Agamemnone
983 2599 1189 2629 constitutum
1205 2608 1311 2628 secum
1326 2598 1466 2632 habebat,
1494 2596 1550 2636 qui
1570 2596 1599 2626 ei
1623 2596 1742 2635 optima

244 2642 452 2681 praecipiebat.
496 2643 560 2673 Illo
575 2649 682 2673 autem
698 2653 719 2672 e
735 2642 839 2672 medio
863 2641 992 2676 sublato,
1019 2647 1087 2672 tum
1104 2642 1232 2672 demum
1247 2642 1287 2671 ab
1304 2640 1451 2680 AEgistho
1476 2639 1516 2669 ad
1542 2638 1738 2678 peccandum

244 2684 382 2715 illectam
394 2694 468 2716 esse.
514 2685 568 2716 Ad
582 2687 656 2722 haec,
682 2685 766 2726 quod
784 2685 909 2715 Orestes
935 2691 1055 2724 patrem
1078 2685 1149 2725 jure
1166 2683 1250 2714 ultus
1264 2684 1311 2717 sit
1342 2683 1490 2724 AEgistho
1505 2688 1623 2716 necato
1640 2692 1741 2722 quum

243 2727 371 2758 interim
386 2729 494 2759 matris
518 2729 793 2768 interemptionem
819 2728 990 2759 obticuerit.
1036 2728 1118 2758 Haec
1133 2734 1226 2767 atque
1252 2727 1313 2757 alia
1337 2725 1516 2757 istiusmodi
1539 2725 1640 2756 multa
1654 2724 1739 2765 apud

243 2771 374 2810 po‘e'tam
388 2772 574 2803 scribentem
591 2772 791 2813 Tragoediam
816 2781 940 2812 gravem
957 2777 988 2801 et
1003 2781 1069 2802 non
1084 2771 1291 2801 inhumanam
1311 2769 1416 2800 videre
1431 2769 1511 2800 licet.

289 2814 505 2846 Nihilominus
519 2822 626 2846 autem
642 2821 673 2846 et
688 2814 840 2845 comoedia
855 2814 994 2845 indidem
1011 2814 1156 2845 alicunde
1178 2813 1374 2844 occasionem
1389 2812 1479 2852 cepit.
1524 2809 1740 2851 Deprehendit

245 2865 382 2900 namque
395 2858 430 2889 in
450 2869 495 2896 eo,
511 2859 653 2901 quamvis
677 2859 784 2900 gravia
799 2864 830 2888 et
845 2857 991 2889 sublimia
1006 2864 1118 2894 narret,
1146 2857 1230 2899 quod
1245 2855 1494 2888 introductiones
1511 2854 1656 2897 quaedam
1677 2853 1740 2885 sint

969 2903 989 2929 4
