1856 3235
605 173 1166 222 PROLEGOMENA.
1550 181 1636 225 171

150 321 288 353 suum
314 320 427 353 cum
450 302 670 351 Luciano
695 303 989 366 colloquium
1026 304 1076 350 in
1115 303 1332 351 ordinem
1358 305 1543 368 recepti
1568 321 1639 353 es-

149 379 275 427 sent,
310 370 382 418 uti
406 368 742 416 Zenodoteum
766 368 920 426 illum,
945 385 1088 460 quem
1112 369 1243 415 idem
1268 368 1515 417 Lucianus
1535 387 1636 418 non

147 436 350 483 obscure
372 433 580 497 probat
567 450 618 480 m
650 433 744 481 alio
783 433 1002 481 libello³
1023 442 1235 481 .tamen
1271 449 1370 480 non
1396 435 1635 494 videmus,

146 517 293 563 quare
315 515 414 546 non
439 498 609 546 eadem
633 499 817 562 optima
840 500 1132 547 auctoritate
1164 496 1390 561 reliquas
1396 516 1563 547 omnes
1588 518 1636 548 a-

142 564 376 612 lienarum
399 580 630 611 manuum
671 564 970 628 adJectiones
1007 574 1056 612 et
1089 564 1222 611 lusus
1260 572 1310 611 et
1349 564 1468 611 vitia
1504 574 1638 613 tuea-

140 646 260 676 mur.
330 630 491 677 Unam
526 629 653 678 hanc
689 630 1090 694 quaestiunculam
1115 629 1388 677 discedenti
1415 629 1635 678 Homero

137 711 410 758 proponere
435 695 613 742 oblitus
639 704 712 743 est
733 695 923 743 facetus
941 695 1200 753 fabulator,
1225 711 1447 758 quaenam
1473 711 1534 742 ex
1558 704 1635 743 tot

139 759 339 808 diversis
364 760 731 809 recensionibus
754 760 1005 824 probanda
1030 769 1156 809 esset
1175 761 1237 818 ei,
1257 761 1339 824 qui
1362 760 1500 807 illum
1521 777 1635 808 cum

136 834 368 889 apparatu
401 826 635 873 librorum
668 826 852 890 legere,
888 835 972 873 aut
1010 827 1114 890 ipse
1148 827 1208 874 de
1232 826 1306 873 his
1330 826 1474 873 rebus
1502 826 1634 889 judi-

135 907 246 938 care
283 907 382 938 non
424 899 632 939 curaret.
701 892 860 939 Nimis
901 892 1031 940 enim
1072 892 1382 939 temerarium
1421 899 1549 939 esset
1583 899 1634 939 et

132 956 565 1014 inconsideratum,
600 956 745 1005 unice
788 974 892 1005 eam
931 957 1237 1021 scripturam,
1273 973 1381 1020 quae
1414 974 1501 1004 suo
1525 973 1632 1005 aevo

132 1021 260 1069 forte
285 1039 497 1086 casuque
521 1022 720 1086 vulgata
758 1022 986 1080 ferretur,
1021 1040 1110 1087 pro
1150 1031 1286 1070 recta
1327 1030 1377 1070 et
1413 1023 1631 1085 genuina

130 1086 324 1136 habere.
395 1089 593 1136 Numne
618 1088 712 1136 hoc
737 1088 868 1135 aliud
910 1097 1000 1146 est,
1036 1105 1179 1162 quam
1222 1088 1342 1152 ejus,
1379 1088 1460 1150 qui
1500 1088 1631 1136 inter

130 1152 293 1227 plures
317 1154 607 1201 novissimus
646 1153 841 1201 locutus
865 1153 944 1211 sit,
980 1154 1201 1201 assentiri
1230 1153 1515 1201 sententiae?
1551 1153 1631 1201 Ita

130 1218 358 1266 nimirum
400 1220 481 1282 qui
524 1218 672 1266 sentit
714 1218 775 1265 de
817 1219 1026 1282 scriptis,
1063 1219 1101 1265 si
1125 1219 1225 1266 vita
1264 1218 1366 1281 ejus
1407 1219 1458 1264 in
1496 1218 1628 1266 aliud

131 1300 288 1331 aevum
323 1285 594 1342 incidisset,
629 1283 769 1330 aliam
810 1283 1059 1358 vulgatam
1096 1284 1507 1347 comprobandam
1548 1284 1630 1331 ha-

128 1349 292 1408 beret3
346 1350 462 1413 quin
509 1349 547 1396 si
592 1356 756 1396 textus
803 1349 861 1395 ab
906 1349 1046 1396 initio
1091 1349 1307 1412 prolatus
1355 1366 1414 1396 ex
1455 1349 1627 1397 iisdem

129 1414 262 1462 libris
314 1423 458 1472 esset,
511 1431 715 1477 quorum
752 1414 897 1461 fidem
949 1414 1246 1477 sequendam
1299 1430 1403 1462 esse
1456 1422 1627 1478 negat,

129 1497 308 1544 magno
343 1480 505 1528 studio
529 1479 908 1545 amplecteretur
937 1496 1010 1538 ea,
1046 1495 1153 1543 quae
1182 1495 1314 1528 nunc
1340 1479 1525 1544 spernit
1567 1497 1624 1528 ac

128 1546 301 1609 rejicit.

193 1612 369 1677 Neque
408 1631 523 1662 vero
562 1614 773 1677 denique
806 1614 1058 1678 quisquam
1099 1614 1278 1662 menda
1316 1613 1621 1661 libiariomm

126 1677 203 1726 vel
226 1679 611 1753 typothetaium,
647 1696 755 1744 quae
791 1680 969 1728 saeculo
994 1697 1080 1727 suo
1112 1681 1163 1727 in
1203 1679 1449 1743 vulgatam
1485 1678 1624 1726 lecti-

126 1760 268 1792 onem
293 1745 610 1820 irrepserunt,
635 1754 734 1793 tam
760 1754 928 1793 sancte
955 1745 1287 1794 conservanda
1310 1752 1466 1808 putet.
1526 1744 1625 1792 Ve-

122 1809 197 1857 lut
220 1827 376 1875 nuper
399 1812 449 1858 in
474 1811 638 1860 multis
663 1811 802 1859 editt.
839 1811 1027 1892 vulgari
1065 1819 1281 1891 coeptum
1321 1818 1395 1857 est
1433 1809 1621 1857 71545.

124 1875 254 1939 ὁμίλω
276 1893 365 1940 pro
390 1877 558 1940 ὁμιλου,
592 1877 652 1941 μ’.
678 1886 787 1924 340.
825 1876 938 1924 αὐτοὶ
962 1894 1010 1941 p.
1041 1876 1193 1935 αὐτάς,
1228 1875 1272 1940 ξ’.
1299 1884 1408 1926 750.
1425 1881 1534 1936 ι’σγεν
1570 1893 1621 1940 p.

121 1947 226 2002 ὶσχει
250 1951 346 1990 etc.
400 1942 565 1990 Hasce
588 1943 720 1991 leves
746 1942 978 2000 maculas,
1004 1943 1170 2000 credo,
1196 1942 1409 2005 abstergi
1433 1941 1622 1989 sinunt.

124 2007 335 2055 Utemur
359 2024 476 2072 ergo
498 2009 754 2072 permissu,
790 2008 986 2071 quando
1028 2008 1201 2055 similia
1235 2024 1285 2054 se
1308 2007 1409 2054 leni
1434 2023 1623 2054 cor·-1ec

124 2073 246 2120 tioni
271 2073 494 2132 offerent,
528 2074 646 2122 licet
683 2074 868 2137 aliquot
906 2073 1094 2121 saeculis
1127 2073 1414 2135 antiquiora.
1487 2072 1624 2128 Quid

124 2147 284 2186 autem
329 2155 386 2187 ea
421 2140 599 2198 dicam,
635 2156 743 2203 quae
786 2140 1149 2186 Μουσοπνευστίαν
1189 2138 1321 2185 illam
1362 2136 1621 2185 manifeste

122 2204 339 2267 produnt
362 2205 572 2253 humana
597 2205 898 2279 negligentia
921 2213 972 2253 et
1005 2204 1200 2252 inscitia
1238 2204 1477 2262 vitiatam,
1514 2204 1622 2251 bar-

123 2270 342 2317 barismis
367 2279 417 2318 et
440 2271 741 2329 soloecismis,
776 2271 931 2334 iisque
973 2269 1400 2343 depravationibus
1426 2276 1620 2316 senten-

120 2336 203 2384 tiae
244 2344 294 2383 et
317 2336 565 2410 orationis,
601 2353 717 2400 quas
754 2353 900 2384 nemo
937 2336 987 2383 111
1018 2335 1118 2384 11110
1143 2335 1397 2399 scriptore,
1433 2335 1618 2382 nedum

118 2400 169 2448 in
206 2401 300 2449 hoc
342 2402 559 2449 omnium
597 2401 837 2475 principe,
872 2419 1013 2466 aequo
1050 2402 1212 2450 animo
1244 2400 1398 2448 ferat?
1450 2399 1617 2464 Hujus

119 2484 312 2541 quoque
350 2476 480 2515 notae
515 2484 672 2531 pauca
713 2467 1044 2531 subjiciam,e
1018 2477 1068 2516 et
1091 2467 1206 2515 talia
1240 2466 1470 2526 maxime,
1508 2482 1616 2530 quae

121 2533 301 2597 exiguo
337 2533 490 2581 ductu
536 2534 706 2581 calami
743 2533 805 2580 ad
840 2534 1228 2597 praestantiorum
1272 2531 1504 2580 librorum
1529 2548 1616 2578 nu-

120 2606 225 2646 tum
261 2599 432 2663 refingi
472 2608 712 2663 poterant.
783 2599 964 2647 Nam'
936 2619 980 2646 ε.
1019 2606 1131 2646 416.
1170 2601 1268 2662 ἰχῶο
1294 2597 1482 2661 abjecta
1519 2613 1616 2644 una

118 2664 257 2712 litera
299 2667 484 2728 praebet
528 2666 818 2713 verissimam
866 2665 1148 2729 scripturam
1193 2666 1285 2724 ἰχῶ,
1328 2680 1471 2728 quam
1519 2662 1614 2708 Eu-

118 2729 260 2777 stath.
297 2730 574 2780 doctissimo
598 2732 773 2795 cuique
797 2730 911 2779 olim
946 2731 1180 2795 placuisse
1217 2730 1382 2788 tradit,
1418 2729 1477 2777 ad
1516 2743 1614 2775 mo·

711 2878 727 2896 8
744 2872 795 2903 De
813 2870 918 2903 Saltat.
935 2875 986 2903 23.
1003 2882 1032 2912 p.
1047 2874 1120 2902 ⁴282.
