1856 3235
479 210 688 250 RERUM
716 207 1195 248 MEMORABILIUM.
1579 233 1605 271 9

110 310 241 346 Meum,
255 311 314 341 dux
326 311 516 351 Taphiorum,
531 310 584 340 Od.
599 324 626 339 a.
644 312 708 338 105.

108 351 240 385 Mentor,
257 350 372 390 Ulyssis
391 349 499 384 socius,
519 348 575 378 Od.
594 354 622 383 β.
645 350 712 377 225.
732 361 752 385 ς.
776 348 822 376 68.

142 390 314 419 Ithacenses
338 389 375 418 ad
399 389 506 418 Procos
528 385 705 416 cohibendos
724 387 824 414 horta-

143 432 203 462 tur,
218 432 282 460 229.
295 438 312 457 e
327 427 472 457 Leiocrito
484 424 712 465 reprehenditur,
727 428 793 453 242.

108 467 274 496 Mercurius
288 477 306 495 a
318 466 392 495 Jove
412 464 538 494 mittitur
557 464 593 492 ad
608 463 661 492 Cal
702 473 746 497 so,
767 462 821 493 od.

142 518 159 534 ε.
181 509 226 537 29.
246 504 284 534 ad
303 505 359 533 iter
377 514 410 533 se
430 503 568 542 accingit,
589 506 636 531 44.
702 501 729 530 al
751 511 822 540 psus

141 553 260 583 specum
284 542 358 577 adit,
382 546 428 574 57.
456 546 502 574 77.
540 541 626 570 Jovis
652 551 719 570 man
740 544 821 569 atum

141 581 272 616 nunciat,
298 584 342 613 97.
375 580 448 615 abit,
479 583 540 609 148.
572 579 600 608 ei
626 579 728 608 ultimo
751 583 820 607 ante

141 630 271 649 somnum
284 619 375 648 libant
389 619 539 653 Phaeaces,
564 633 588 652 η.
608 622 671 650 137.
692 618 722 646 in
742 617 821 646 Vul-

143 659 207 688 cani
229 658 313 687 domo
332 667 397 686 cum
420 657 558 696 Apolline
580 657 766 696 colloquitur,
787 660 819 686 θ.

140 701 204 727 334.
214 699 280 726 338.
320 695 421 734 Ulyssi
440 696 478 725 ad
502 696 606 725 Circen
625 695 823 735 proficiscenti

140 734 273 768 occurrit,
287 748 313 764 κ.
322 737 388 767 277.
409 738 441 763 et
450 735 502 763 dat
513 735 631 764 herbam
645 734 741 777 Moly,
753 737 820 763 302.

140 774 296 803 Procorum
308 772 419 802 animas
432 773 471 802 ad
493 773 600 802 inferos
613 773 731 802 deducit
744 786 770 800 ω.
794 775 820 800 1.

142 816 184 841 10.
200 815 246 844 90.
287 811 434 841 Primnum
448 812 597 847 convenit,
613 812 648 840 ll.
663 826 687 841 ω.
703 812 770 840 362.
790 815 822 839 et

137 849 217 879 ducit
229 849 267 878 ad
280 850 427 879 Achillem
445 855 512 880 440.
531 850 720 880 dormientem
737 849 821 878 Pria-

135 897 212 917 mum
231 893 329 918 monet
350 891 416 918 683.
455 890 532 918 Jove
554 894 585 918 et
609 889 695 918 Maia
719 894 819 922 natus,

139 927 247 966 Hymn.
265 931 289 956 1.
311 927 341 956 in
363 927 494 957 Mercur.
517 932 545 957 3.
571 932 613 957 13.
635 938 652 956 e
669 926 819 956 testudine

134 966 226 1005 lyram
239 965 322 1001 facit,
335 970 382 996 24.
397 971 444 999 47.
465 967 493 996 ei
506 967 596 1001 canit,
622 971 667 996 54.
677 970 743 996 424.
778 966 819 994 A-

133 1004 249 1043 pollinis
273 1004 362 1034 boves
380 1005 507 1040 furatur,
532 1010 577 1038 73.
598 1005 675 1034 duas
694 1008 817 1038 mactat,

132 1045 195 1073 116.
209 1054 227 1073 a
240 1048 332 1073 matre
344 1044 578 1083 reprehenditur,
601 1048 663 1074 155.
678 1044 715 1073 ab
728 1043 820 1082 Apol-

132 1081 193 1111 line
206 1082 332 1122 capitur,
346 1087 412 1116 293-
428 1094 493 1112 cum
507 1094 542 1112 eo
553 1084 658 1112 ,Iovem
667 1082 740 1116 adit.
750 1085 817 1111 323.

133 1121 219 1151 Jovis
232 1121 344 1150 monitu
357 1122 446 1151 boves
467 1122 608 1156 ostendit,
623 1125 687 1151 402.
728 1120 819 1160 Apol-

134 1159 186 1189 lini
200 1160 291 1200 lyram
305 1161 407 1195 tradit,
422 1165 485 1192 493.
507 1171 630 1199 cumque
650 1171 686 1189 eo
703 1159 733 1188 in
746 1159 819 1188 ami-

134 1199 235 1228 citiam
248 1199 336 1233 redit,
357 1203 422 1229 504.
446 1204 510 1232 571.
527 1200 563 1228 ab
578 1199 715 1239 Apolline
729 1198 818 1227 dona-

134 1240 184 1266 tur
196 1237 316 1278 imperio
329 1239 358 1267 in
369 1238 467 1267 leones
477 1245 534 1268 etc.
550 1239 615 1268 566.
657 1237 740 1266 Pana
753 1237 818 1277 gig-

132 1276 191 1311 nit,
208 1277 319 1316 Hymn.
334 1278 364 1306 in
386 1277 479 1312 Pana,
503 1281 550 1307 35.
592 1276 660 1306 Diis
680 1287 747 1306 eum
770 1286 818 1305 os-

133 1315 241 1349 tendit,
256 1320 303 1346 45.

95 1352 285 1384 Mercurialis
298 1355 393 1390 collis,
408 1355 462 1385 Od.
477 1369 505 1385 a.
520 1358 584 1388 471.

94 1392 259 1430 Meriones,
275 1394 311 1424 Il.
325 1399 354 1429 β.
363 1396 431 1423 651.
473 1394 661 1433 Deiphobum
681 1394 816 1424 vulnerat

133 1447 153 1461 r.
168 1436 232 1463 535.
274 1433 484 1472 Harpalionem
498 1432 635 1462 interficit
646 1433 709 1462 648.

94 1469 273 1506 Mesaulius,
287 1481 390 1501 servus
404 1471 529 1506 Eumaei,
544 1471 598 1502 Od.
613 1476 633 1506 ξ.
649 1475 712 1504 449.
727 1476 794 1502 455.

93 1508 249 1545 Messena,
261 1510 316 1540 Od.
328 1521 352 1547 φ.
367 1514 412 1540 15.

92 1547 236 1584 Messeis,
251 1549 288 1578 Il.
303 1555 327 1584 ζ.
340 1553 406 1582 457.

93 1586 254 1623 Mesthles,
271 1589 306 1618 Il.
320 1594 346 1624 β.
363 1589 428 1617 864.

91 1624 249 1661 Methone,
264 1627 338 1662 Ῑ1.β.
352 1628 419 1660 716.

92 1664 184 1694 Miles
195 1665 320 1705 ignavus
328 1668 359 1694 et
372 1669 520 1700 strenuus,
536 1666 570 1696 ll.
587 1682 606 1696 ν.
619 1668 687 1699 279.

92 1703 232 1740 Miletus,
247 1705 329 1740 urbs,
347 1705 457 1743 Hymn-
475 1709 499 1734 1.
514 1705 543 1733 in
557 1705 654 1744 Apoll.
672 1709 736 1734 180.

91 1742 214 1811 Migpas,
228 1753 323 1778 mons,
336 1743 391 1773 od.
403 1758 428 1778 y.
443 1747 507 1776 172.
522 1743 672 1783 Epigram.
684 1745 813 1784 inscript.

161 1792 178 1811 e
199 1787 282 1817 tuno,
298 1787 325 1812 5.

91 1792 242 1856 Μίιιειιῗνῡ,
258 1821 424 1851 Pandarum
438 1821 501 1851 adit
514 1821 551 1851 ad
560 1821 655 1851 foedus
668 1822 731 1862 ejus
745 1833 763 1851 o
806 1839 818 1846 -

127 1870 162 1890 ra
186 1860 364 1895 violandum,
387 1860 422 1890 11.
448 1865 471 1890 δ.
499 1865 563 1892 751.
605 1861 742 1891 Diomedi
763 1833 815 1890 {gt

126 1899 215 1929 robur
241 1913 260 1930 ε.
287 1904 313 1929 1.
348 1899 478 1929 Martem
501 1900 600 1929 educit
619 1910 657 1928 ex
677 1899 739 1928 acie
765 1905 812 1932 29.

126 1937 276 1968 Venerem
289 1938 403 1968 deridet
425 1943 492 1968 420.
513 1938 551 1967 ad
571 1939 702 1978 praelium
719 1949 752 1968 se
765 1949 814 1978 pa-

128 1981 175 2006 rat
199 1981 265 2010 719.
288 1988 306 2006 a
325 1977 402 2006 Jove
425 1977 575 2017 pugnandi
601 1977 716 2015 veniam
738 1978 814 2017 petit

128 2019 196 2050 757-
239 2016 412 2046 Diomedem
426 2016 584 2054 alloquitur
598 2015 664 2048 799.
686 2020 717 2045 et
727 2017 814 2055 jubet

127 2065 193 2084 cum
214 2054 315 2084 Marte
337 2055 476 2099 congredi
501 2059 563 2084 825.
586 2055 734 2084 deliberat
747 2065 813 2084 cum

126 2093 263 2133 Apolline
271 2093 307 2122 de
316 2093 416 2133 praeho
426 2093 455 2122 in
464 2093 620 2133 praesentia
631 2093 814 2133 reprimendo

128 2147 152 2165 η.
167 2137 214 2162 24.
236 2132 300 2177 ejus
314 2132 403 2162 verba
423 2131 460 2161 ad
473 2133 578 2161 Jovem
593 2137 625 2162 2.
647 2137 695 2165 29.
728 2133 813 2163 Max-

125 2175 185 2200 tem
199 2171 317 2200 cohibet
329 2186 350 2201 0.
366 2175 430 2200 124.
465 2172 595 2201 Martem
617 2172 775 2211 prosternit
788 2183 812 2209 φ.

125 2214 192 2240 402.
214 2214 245 2240 et
268 2209 413 2240 Venerem
437 2214 503 2240 423.
523 2215 642 2250 sumpta
665 2210 814 2250 Deiphobi

127 2248 221 2279 forma
235 2249 359 2278 Hectori
374 2250 530 2290 persuadet
552 2253 585 2278 ut
607 2259 672 2279 cum
695 2249 814 2279 Achille

125 2287 333 2329 congrediatur
358 2303 386 2326 χ.
410 2289 476 2318 226.
501 2298 554 2328 pro
578 2288 685 2328 Ulysse
707 2288 814 2318 Jovem

127 2332 206 2363 orat,
228 2327 282 2357 Od.
297 2342 324 2357 ι.
339 2331 384 2357 45.
406 2327 443 2356 ad
457 2327 515 2356 iter
526 2337 559 2357 se
572 2328 653 2357 acein
678 2327 712 2362 it,
732 2332 764 2357 et
782 2328 813 2357 in

127 2365 262 2396 Ithacam
281 2365 422 2401 defertur,
443 2367 489 2399 96.
519 2369 585 2396 102.
626 2366 653 2396 U
665 2366 743 2406 yssis
763 2367 814 2396 do-

125 2415 204 2435 mum
217 2404 291 2439 adit,
307 2404 420 2434 Mentae
432 2405 605 2440 assimilata,
629 2409 690 2435 103.
712 2405 812 2445 hospi-

126 2444 170 2474 tio
182 2443 327 2488 excipitur
351 2454 371 2472 a
393 2443 581 2480 Telemacho,
601 2448 662 2477 119.
689 2455 753 2474 eum
776 2455 813 2474 eo

127 2482 314 2522 colloqmtur,
341 2486 404 2512 158.
425 2493 490 2511 eum
516 2482 624 2512 Procos
651 2483 810 2523 expellere,

125 2526 297 2562 patremque
311 2521 490 2562 investigare
516 2521 606 2556 'ubet‚
627 2526 693 2554 271.
712 2522 760 2551 avi
774 2523 812 2551 si-

126 2561 204 2590 milis
229 2560 339 2595 avolat,
366 2564 432 2593 319.
516 2561 610 2590 entori
637 2560 810 2596 assimilata,

125 2599 305 2629 Telemacho
316 2599 429 2629 animos
449 2599 544 2633 addit,
567 2605 595 2635 β.
620 2601 687 2630 268.
708 2609 811 2629 navem

125 2638 154 2668 ei
168 2637 319 2678 sociosque
342 2648 380 2668 ex
405 2638 611 2668 Ithacensihus
634 2638 722 2678 petit,
743 2642 810 2669 382.

126 2676 229 2707 Procis
255 2687 386 2706 somnum
412 2677 535 2712 inducit,
558 2681 624 2710 395.
678 2677 811 2707 Telema-

125 2716 212 2746 chum
225 2715 263 2745 ad
275 2715 332 2746 iter
351 2715 563 2756 properandum
575 2717 723 2750 hortatur,
743 2720 810 2750 399.

127 2765 192 2785 cum
206 2764 242 2784 eo
261 2764 365 2784 navem
389 2755 571 2789 conscendit,
596 2757 660 2785 416.
702 2755 812 2784 Nesto-

126 2804 188 2823 rem
201 2793 364 2823 adeundum
376 2798 487 2830 monet,
502 2808 527 2830 γ.
546 2798 588 2823 14.
610 2793 688 2833 apud
703 2793 812 2824 Nesto-

125 2842 186 2862 rem
201 2831 326 2871 benigne
339 2838 464 2872 excepta
476 2833 598 2879 gaudet,
614 2837 658 2863 52.
699 2833 812 2863 Graecis

124 2871 202 2901 irata
214 2871 428 2901 contentionem
447 2871 552 2912 injicit,
570 2875 633 2902 135.
674 2871 812 2902 Telema-

124 2910 210 2940 chum
229 2910 424 2950 reprehendit,
448 2915 513 2941 230.
554 2911 713 2940 Nestorem
727 2915 812 2941 caete-

125 2957 271 3017 1321&an
272 2949 463 3028 Quadis)
463 2953 812 3023 Ἐξιηῖῗξξῖἑιῗίεὸᾇξήὲ

137 3029 225 3063 Vct..
242 3029 284 3063 V.

904 307 1034 341 advenit,
1047 310 1112 336 435.
1133 304 1241 344 aquilae
1252 305 1354 335 similis
1364 305 1505 345 disparet,
1520 307 1588 338 371.

904 345 1060 385 Iphthimae
1080 344 1253 378 assimilata,
1280 345 1444 384 Penelopen
1463 344 1588 378 solatur,

905 387 930 413 δ.
954 388 1019 416 795.
1039 387 1104 412 825.
1124 383 1155 411 in
1177 383 1298 411 concilio
1323 384 1452 412 Deorum
1492 393 1525 411 ro
1544 382 1587 411 U-

905 422 985 467 lysse
998 421 1163 455 intercedit,
1179 434 1196 450 ε..
1212 425 1239 449 5.
1282 421 1439 459 Dymantis
1452 422 1470 450 fi
1484 422 1519 450 iae
1538 431 1586 450 as-

904 461 1043 494 sumilata,
1060 460 1240 489 Nausicaam
1253 459 1290 488 de
1310 460 1440 489 vestibus
1453 459 1587 489 lavandis

903 504 1012 533 monet,
1028 498 1051 533 ζ.
1065 503 1109 534 21.
1153 498 1293 537 Ulyssem
1303 497 1426 537 caligine
1445 497 1586 537 cooperit,

903 553 927 572 η.
945 543 989 567 14.
1003 542 1049 566 41.
1064 537 1170 577 virgini
1189 536 1363 570 assimilata,
1378 536 1497 565 Alcinoi
1508 536 1586 566 aedae

902 578 931 606 ei
943 576 1083 611 ostendit,
1103 580 1148 605 48.
1169 579 1200 604 et
1221 577 1332 604 Areten
1347 575 1507 603 adeundam
1530 586 1592 604 mo-

902 621 963 651 net,
992 619 1037 645 53.
1097 614 1228 643 Praeconi
1252 613 1416 643 assimilata
1443 613 1588 644 Phaeacas

902 658 1075 727 ssssdnffigeai?
1092 658 1196 731 332..ss
1215 652 1588 730 Sffisssffiyggssagffiffl

905 748 924 762 ν.
939 731 1005 762 221.
1028 736 1125 760 notam
1139 741 1171 759 se
1190 730 1274 765 facit,
1297 734 1363 762 298.
1406 729 1538 759 Ithacam
1560 731 1589 758 ei

902 771 1044 803 ostendit,
1058 774 1125 799 345.
1147 779 1271 808 cumque
1284 779 1319 798 eo
1331 768 1367 797 de
1384 768 1485 797 Procis
1499 768 1588 796 inter-

902 809 1033 839 ficiendis
1047 808 1202 843 deliberat,
1227 812 1292 840 372.
1335 807 1471 846 Ulyssem
1491 806 1589 835 detur-

901 846 1309 916 {fiirffimssgsstssntssfissff‘
1320 899 1332 914 0
1345 850 1409 914 43²3·
1451 845 1587 923 ὗῗξὲἕὲῖἑ

1286 905 1295 920 ς
1334 910 1339 915 .
1403 909 1408 914 .

901 925 961 955 filio
971 936 1004 955 se
1017 929 1117 953 notum
1129 923 1226 954 facere
1232 923 1331 963 jubet,
1344 937 1371 953 er.
1393 925 1454 955 167.
1470 932 1588 961 corpus—

922 975 958 994 ue
980 965 1008 993 ei
1021 963 1172 1003 pulchrum
1194 963 1302 997 reddit,
1331 967 1392 995 174.
1433 962 1535 1000 Ulyssi
1556 966 1589 989 et

901 975 1080 1033 fielemacho
1096 1012 1161 1031 cum
1181 1002 1299 1031 lucerna
1312 1001 1408 1041 praeit,
1423 1016 1447 1030 τ.
1461 1004 1506 1030 34.
1549 1000 1587 1028 U—

900 1043 1008 1082 lyssem
1019 1041 1147 1076 solatur,
1156 1056 1178 1071 υ.
1192 1045 1239 1070 33.
1260 1040 1332 1069 etin
1343 1041 1452 1069 Procos
1465 1039 1588 1073 animat,

900 1086 948 1111 45.
1012 1081 1121 1109 Prooes
1147 1080 1308 1114 dementat,
1333 1083 1396 1109 345.
1452 1078 1586 1108 Mentori

900 1120 1015 1153 similis,
1045 1118 1146 1158 ulyssi
1168 1123 1260 1152 astat,
1284 1118 1468 1155 animumque
1491 1117 1586 1151 addit,

900 1175 929 1196 χ.
945 1163 1009 1189 205.
1023 1162 1087 1188 224.
1102 1157 1251 1187 hirundini
1260 1157 1364 1186 similis
1377 1157 1461 1186 sedet
1472 1156 1502 1184 in
1515 1157 1587 1185 tecti

900 1198 996 1232 trabe,
1021 1201 1089 1230 239.
1130 1196 1287 1226 Procerum
1311 1196 1371 1225 tela
1394 1195 1478 1224 irrita
1502 1194 1586 1229 facit,

900 1239 966 1266 256.
978 1241 1042 1269 273.
1074 1235 1178 1275 Ulyssi
1190 1234 1437 1274 pulchritudinem
1450 1233 1587 1267 affundit,

900 1280 934 1311 ψ.
952 1277 1014 1305 156.
1056 1274 1164 1304 Noctis
1178 1278 1209 1303 et
1231 1276 1358 1302 Aurorae
1381 1283 1498 1303 cursum
1511 1272 1587 1302 deti-

899 1318 962 1348 net,
976 1318 1043 1344 243.
1084 1313 1222 1353 Ulyssem
1245 1312 1371 1352 caligine
1390 1316 1500 1341 tectum
1514 1311 1586 1340 urbe

898 1353 1009 1387 educit,
1033 1357 1100 1385 371.
1121 1363 1140 1381 a
1162 1353 1241 1381 Jove
1265 1356 1402 1380 eventum
1429 1350 1583 1379 seditionis

899 1391 1098 1421 Ithacensium
1105 1390 1285 1424 sciscitatur,
1295 1405 1323 1419 ω.
1334 1394 1400 1422 472.
1424 1389 1526 1428 Ulyssi
1539 1398 1587 1417 as-

896 1435 954 1465 tat,
980 1435 1045 1460 501.
1088 1430 1192 1459 Lae'rti
1216 1429 1330 1458 animos
1354 1428 1490 1467 inspirat,
1517 1431 1583 1460 519.

896 1469 1003 1499 bellum
1015 1469 1137 1503 dirimit,
1149 1478 1308 1508 pacemque
1328 1472 1359 1496 et
1381 1467 1492 1496 soedera
1511 1466 1588 1495 inter

897 1513 1036 1547 utrosque
1050 1508 1167 1541 statuit,
1190 1511 1255 1537 528.
1278 1511 1344 1536 544.
1365 1516 1430 1535 cum
1443 1505 1529 1539 Jove,
1551 1504 1588 1534 de

899 1548 1031 1576 Murium
1055 1553 1086 1576 et
1101 1547 1250 1576 Ranarum
1272 1556 1382 1585 pugna,
1398 1544 1586 1583 colloquitur,

900 1586 1087 1616 Batrachom.
1112 1590 1174 1619 172.
1196 1596 1213 1614 e
1238 1584 1325 1613 Jovis
1349 1584 1446 1623 capite
1469 1583 1583 1622 genita,

897 1625 1010 1665 Hymn.
1026 1629 1050 1654 1.
1065 1625 1095 1653 in
1108 1623 1206 1664 Apoll.
1219 1626 1285 1653 308.
1310 1623 1421 1661 Hymn.
1436 1626 1463 1651 2.
1479 1623 1509 1650 in
1520 1621 1586 1651 Mi-

896 1674 975 1693 nerv.
990 1669 1015 1694 4.

859 1702 973 1737 Minos,
981 1703 1039 1736 ,0d.
1051 1711 1080 1736 λ,
1091 1704 1157 1735 567.
1166 1702 1251 1731 Jovis
1260 1700 1473 1736 confabulator,
1483 1713 1507 1729 or.
1520 1703 1584 1733 179.

859 1740 1012 1782 Minye'ius
1022 1741 1141 1775 flumen,
1154 1741 1190 1769 ΙΙ.
1205 1750 1228 1769 λ.
1247 1743 1311 1772 721.

858 1781 945 1820 Moly
959 1780 1061 1815 herba,
1076 1779 1132 1808 Od.
1145 1794 1172 1809 κ.
1187 1783 1254 1809 302.

859 1821 945 1850 Mors
959 1820 1091 1848 omnibus
1105 1818 1278 1852 communis,
1293 1816 1350 1846 od.
1367 1831 1394 1852 y.
1406 1817 1474 1848 236.

858 1859 973 1888 Mortui
987 1859 1179 1898 sepeliuntur,
1194 1857 1229 1886 ll.
1245 1872 1269 1889 η.
1283 1860 1348 1888 419.

858 1897 1036 1927 Mulieribus
1049 1907 1105 1926 non
1120 1897 1274 1929 fidendum,
1290 1895 1346 1924 Od.
1362 1904 1387 1924 λ.
1399 1899 1466 1924 455.

859 1936 982 1971 Mullus,
997 1936 1053 1965 Od.
1069 1949 1095 1965 σ.
1111 1940 1168 1965 422

856 1976 962 2005 Mures
1002 1975 1155 2004 concilium
1189 1978 1361 2008 convocant,
1397 1972 1582 2002 Batrachum

897 2019 961 2044 102.
983 2020 1097 2043 armant
1123 2023 1165 2047 se,
1190 2017 1254 2042 123.
1276 2023 1341 2041 cum
1367 2011 1461 2041 Ranis
1485 2011 1584 2040 confli-

893 2058 979 2121 gupt,
988 2057 1061 2121 202.
1075 2052 1225 2124 {glancris
1236 2051 1396 2085 caeduntur‚
1410 2054 1476 2083 290.
1487 2049 1584 2080 territi

894 2103 930 2122 au
946 2103 963 2120 u
987 2102 1035 2121 iun
1052 2113 1061 2127 ,
1134 2112 1142 2120 .

858 2103 989 2160 Muriuiii
1004 2131 1113 2165 victus,
1129 2130 1317 2159 Batrachom.
1328 2132 1375 2158 33.

857 2170 940 2204 Mus,
954 2170 1032 2210 apud
1053 2169 1178 2205 Lacum,
1201 2179 1267 2198 cum
1290 2168 1377 2197 Rana
1396 2166 1582 2206 colloquitur,

896 2209 1082 2239 Batrachum.
1104 2212 1148 2237 13.
1190 2208 1284 2237 Ranae
1305 2212 1420 2245 tergum
1445 2215 1584 2235 conscen-

894 2248 949 2282 dit,
976 2250 1020 2277 64.
1045 2258 1063 2277 a
1089 2257 1149 2286 qua
1175 2246 1296 2276 territus
1319 2245 1473 2278 exclamat.
1501 2247 1544 2277 76.
1566 2255 1586 2274 a

896 2287 982 2316 Rana
996 2286 1142 2323 dimittur,
1155 2288 1202 2316 86.
1227 2290 1258 2315 et
1271 2295 1349 2325 aqua
1371 2283 1582 2323 submergitur,

857 2364 959 2395 Musae
979 2364 1126 2394 Achillem
1149 2368 1238 2394 cantu
1260 2362 1381 2397 deflent,
1403 2361 1459 2391 Od.
1483 2376 1510 2391 ω.
1534 2363 1582 2392 60.

895 2404 1024 2433 Deorum
1038 2404 1124 2437 dona,
1146 2403 1352 2441 hominumque
1370 2411 1514 2431 aerumnas
1535 2411 1582 2430 ce*

893 2442 1019 2477 lebrant,
1036 2443 1146 2483 Hymn.
1169 2446 1194 2471 1.
1217 2442 1247 2471 in
1273 2440 1370 2480 Apoll.
1398 2444 1462 2471 189.
1484 2449 1521 2468 ex
1540 2440 1583 2479 ip-

893 2481 936 2512 sis
962 2487 1031 2550 ¹slunt
1059 2483 1214 2516 Cantores‚
1244 2480 1354 2520 Hymn.
1386 2479 1416 2508 in
1446 2478 1529 2508 Mus.
1549 2483 1581 2507 et

856 2531 1013 2589 Muslgum
1027 2559 1182 2593 invocatio,
1199 2558 1233 2587 11.
1248 2573 1277 2588 a.
1295 2562 1320 2587 1.
1335 2563 1357 2593 ξ.
1373 2561 1438 2587 484.

857 2597 992 2637 Mycala,
1010 2599 1121 2638 Hymn.
1141 2602 1164 2627 1.
1179 2598 1208 2627 in
1223 2596 1320 2636 Apoll.

857 2637 991 2676 Mycale,
1006 2637 1041 2666 ll.
1056 2644 1084 2673 β.
1099 2638 1165 2669 869.

856 2675 1002 2715 Mycenae,
1016 2676 1072 2706 Od.
1084 2691 1111 2712 y.
1126 2680 1193 2705 504.

856 2715 994 2754 Mycene,
1009 2715 1065 2744 Od.
1079 2721 1106 2751 β.
1120 2718 1184 2744 120.

856 2753 1066 2793 Mycenenses,
1079 2754 1114 2783 Il.
1129 2759 1156 2789 β.
1166 2754 1231 2785 569.

854 2792 1068 2832 Myrmidones,
1082 2791 1138 2822 od.
1154 2807 1181 2828 γ.
1205 2794 1268 2821 188.
1291 2795 1313 2821 δ.
1329 2795 1355 2824 9.
1379 2789 1414 2820 11.
1427 2795 1455 2826 β.
1470 2790 1535 2820 684.
1550 2790 1579 2819 in

892 2841 1020 2876 pugnam
1035 2832 1145 2861 vadunt
1159 2845 1185 2861 x.
1201 2834 1267 2863 257.

856 2870 951 2910 Mysn,
963 2869 1000 2900 ΙΙ.
1014 2886 1041 2906 ω,
1053 2875 1120 2903 278.
1203 2907 1234 2937 N

856 2948 1003 2984 Na‘n'aAes,
1020 2948 1176 2988 Nymphae,
1190 2946 1248 2977 Od.
1262 2962 1280 2976 ν.
1297 2950 1358 2975 104.

857 2986 984 3023 Nastes,
1001 2987 1036 3017 ll.
1048 2993 1074 3021 β.
1091 2992 1154 3018 870.

843 3029 863 3062 ὂ
