<?xml version="1.0" encoding="UTF-8"?>
<!DOCTYPE html PUBLIC "-//W3C//DTD XHTML 1.0 Transitional//EN"
    "http://www.w3.org/TR/xhtml1/DTD/xhtml1-transitional.dtd">
<html xmlns="http://www.w3.org/1999/xhtml" xml:lang="en" lang="en">
 <head>
  <title>
</title>
<meta http-equiv="Content-Type" content="text/html;charset=utf-8" />
  <meta name='ocr-system' content='tesseract 3.04.00' />
  <meta name='ocr-capabilities' content='ocr_page ocr_carea ocr_par ocr_line ocrx_word'/>
</head>
<body>
  <div class='ocr_page' id='page_1' title='image "./operaomnia05home/operaomnia05home_0318.png"; bbox 0 0 1856 3235; ppageno 0'>
   <div class='ocr_carea' id='block_1_1' title="bbox 226 190 1246 239">
    <p class='ocr_par' dir='ltr' id='par_1_1' title="bbox 226 190 1246 239">
     <span class='ocr_line' id='line_1_1' title="bbox 226 190 1246 239; baseline -0.002 0"><span class='ocrx_word' id='word_1_1' title='bbox 226 199 320 239; x_wconf 78' lang='lat'>294</span> <span class='ocrx_word' id='word_1_2' title='bbox 686 190 1246 239; x_wconf 79' lang='lat' dir='ltr'><strong>PROLEGOMENA.</strong></span> 
     </span>
    </p>
   </div>
   <div class='ocr_carea' id='block_1_2' title="bbox 206 322 1711 2611">
    <p class='ocr_par' dir='ltr' id='par_1_2' title="bbox 206 322 1711 2091">
     <span class='ocr_line' id='line_1_2' title="bbox 216 322 1706 386; baseline 0.002 -16"><span class='ocrx_word' id='word_1_3' title='bbox 216 338 457 377; x_wconf 89' lang='lat' dir='ltr'>versuum,</span> <span class='ocrx_word' id='word_1_4' title='bbox 498 337 641 384; x_wconf 92' lang='lat' dir='ltr'>quam</span> <span class='ocrx_word' id='word_1_5' title='bbox 667 322 861 370; x_wconf 90' lang='lat' dir='ltr'>codices</span> <span class='ocrx_word' id='word_1_6' title='bbox 903 323 1462 386; x_wconf 77' lang='lat' dir='ltr'>Batrachomyomachiae</span> <span class='ocrx_word' id='word_1_7' title='bbox 1493 323 1588 371; x_wconf 89' lang='lat' dir='ltr'>hoc</span> <span class='ocrx_word' id='word_1_8' title='bbox 1622 342 1706 373; x_wconf 86' lang='lat' dir='ltr'>sae-</span> 
     </span>
     <span class='ocr_line' id='line_1_3' title="bbox 219 387 1706 462; baseline 0.001 -26"><span class='ocrx_word' id='word_1_9' title='bbox 219 387 331 436; x_wconf 86' lang='lat' dir='ltr'>culo</span> <span class='ocrx_word' id='word_1_10' title='bbox 351 387 587 450; x_wconf 82' lang='lat' dir='ltr'><strong>congesti,</strong></span> <span class='ocrx_word' id='word_1_11' title='bbox 606 404 718 435; x_wconf 90' lang='lat' dir='ltr'>cum</span> <span class='ocrx_word' id='word_1_12' title='bbox 741 387 931 451; x_wconf 85' lang='lat' dir='ltr'>vulgari</span> <span class='ocrx_word' id='word_1_13' title='bbox 954 396 1107 435; x_wconf 80' lang='lat' dir='ltr'>textu.</span> <span class='ocrx_word' id='word_1_14' title='bbox 1178 387 1285 436; x_wconf 88' lang='lat' dir='ltr'>Hos</span> <span class='ocrx_word' id='word_1_15' title='bbox 1309 398 1505 462; x_wconf 83' lang='lat' dir='ltr'>excute,</span> <span class='ocrx_word' id='word_1_16' title='bbox 1527 406 1706 452; x_wconf 87' lang='lat' dir='ltr'>quaeso,</span> 
     </span>
     <span class='ocr_line' id='line_1_4' title="bbox 218 453 1711 518; baseline 0.003 -18"><span class='ocrx_word' id='word_1_17' title='bbox 218 460 268 500; x_wconf 88' lang='lat' dir='ltr'>et</span> <span class='ocrx_word' id='word_1_18' title='bbox 292 453 524 516; x_wconf 87' lang='lat' dir='ltr'>experire,</span> <span class='ocrx_word' id='word_1_19' title='bbox 542 469 603 500; x_wconf 91' lang='lat' dir='ltr'>an</span> <span class='ocrx_word' id='word_1_20' title='bbox 621 453 917 517; x_wconf 74' lang='lat' dir='ltr'>poematium</span> <span class='ocrx_word' id='word_1_21' title='bbox 937 454 1207 500; x_wconf 81' lang='lat' dir='ltr'>extundere</span> <span class='ocrx_word' id='word_1_22' title='bbox 1226 470 1287 501; x_wconf 80' lang='lat' dir='ltr'>ex</span> <span class='ocrx_word' id='word_1_23' title='bbox 1305 454 1362 500; x_wconf 88' lang='lat' dir='ltr'>iis</span> <span class='ocrx_word' id='word_1_24' title='bbox 1379 454 1546 517; x_wconf 90' lang='lat' dir='ltr'>possis,</span> <span class='ocrx_word' id='word_1_25' title='bbox 1567 456 1711 518; x_wconf 86' lang='lat' dir='ltr'>quale</span> 
     </span>
     <span class='ocr_line' id='line_1_5' title="bbox 215 517 1708 592; baseline 0.003 -28"><span class='ocrx_word' id='word_1_26' title='bbox 215 517 363 565; x_wconf 86' lang='lat' dir='ltr'>fuerit</span> <span class='ocrx_word' id='word_1_27' title='bbox 385 518 613 581; x_wconf 87' lang='lat' dir='ltr'>primum!</span> <span class='ocrx_word' id='word_1_28' title='bbox 651 518 781 565; x_wconf 89' lang='lat' dir='ltr'>Tum</span> <span class='ocrx_word' id='word_1_29' title='bbox 806 519 951 566; x_wconf 87' lang='lat' dir='ltr'>etiam</span> <span class='ocrx_word' id='word_1_30' title='bbox 974 518 1096 565; x_wconf 91' lang='lat' dir='ltr'>illud</span> <span class='ocrx_word' id='word_1_31' title='bbox 1120 518 1405 592; x_wconf 86' lang='lat' dir='ltr'>cogitemus,</span> <span class='ocrx_word' id='word_1_32' title='bbox 1422 536 1513 582; x_wconf 76' lang='lat' dir='ltr'>Juv</span> <span class='ocrx_word' id='word_1_33' title='bbox 1517 520 1708 569; x_wconf 88' lang='lat' dir='ltr'>enilite1</span> 
     </span>
     <span class='ocr_line' id='line_1_6' title="bbox 215 583 1708 648; baseline 0.003 -18"><span class='ocrx_word' id='word_1_34' title='bbox 215 583 405 631; x_wconf 90' lang='lat' dir='ltr'>ludenti</span> <span class='ocrx_word' id='word_1_35' title='bbox 429 583 627 647; x_wconf 89' lang='lat' dir='ltr'>populo,</span> <span class='ocrx_word' id='word_1_36' title='bbox 668 584 979 647; x_wconf 88' lang='lat' dir='ltr'>quantumvis</span> <span class='ocrx_word' id='word_1_37' title='bbox 1003 592 1163 639; x_wconf 88' lang='lat' dir='ltr'>acuto,</span> <span class='ocrx_word' id='word_1_38' title='bbox 1190 585 1474 648; x_wconf 83' lang='lat' dir='ltr'>contingere</span> <span class='ocrx_word' id='word_1_39' title='bbox 1511 601 1610 632; x_wconf 92' lang='lat' dir='ltr'>non</span> <span class='ocrx_word' id='word_1_40' title='bbox 1635 603 1708 634; x_wconf 93' lang='lat' dir='ltr'>so-</span> 
     </span>
     <span class='ocr_line' id='line_1_7' title="bbox 213 648 1707 723; baseline 0.002 -28"><span class='ocrx_word' id='word_1_41' title='bbox 213 648 314 697; x_wconf 91' lang='lat' dir='ltr'>lere</span> <span class='ocrx_word' id='word_1_42' title='bbox 340 649 651 723; x_wconf 81' lang='lat' dir='ltr'>conjunctam</span> <span class='ocrx_word' id='word_1_43' title='bbox 667 649 843 712; x_wconf 86' lang='lat' dir='ltr'>judicii</span> <span class='ocrx_word' id='word_1_44' title='bbox 863 648 1180 696; x_wconf 79' lang='lat' dir='ltr'>subtilitatem</span> <span class='ocrx_word' id='word_1_45' title='bbox 1203 665 1315 696; x_wconf 91' lang='lat' dir='ltr'>cum</span> <span class='ocrx_word' id='word_1_46' title='bbox 1340 650 1532 697; x_wconf 87' lang='lat' dir='ltr'>divina</span> <span class='ocrx_word' id='word_1_47' title='bbox 1519 651 1707 714; x_wconf 81' lang='lat' dir='ltr'>ingenii</span> 
     </span>
     <span class='ocr_line' id='line_1_8' title="bbox 214 713 1709 778; baseline 0.003 -17"><span class='ocrx_word' id='word_1_48' title='bbox 214 715 262 761; x_wconf 90' lang='lat' dir='ltr'>vi</span> <span class='ocrx_word' id='word_1_49' title='bbox 286 731 343 762; x_wconf 92' lang='lat' dir='ltr'>ac</span> <span class='ocrx_word' id='word_1_50' title='bbox 368 715 577 778; x_wconf 83' lang='lat' dir='ltr'>spiritua</span> <span class='ocrx_word' id='word_1_51' title='bbox 582 752 594 771; x_wconf 94' lang='lat'>,</span> <span class='ocrx_word' id='word_1_52' title='bbox 622 715 801 777; x_wconf 90' lang='lat' dir='ltr'>ubique</span> <span class='ocrx_word' id='word_1_53' title='bbox 829 722 964 762; x_wconf 88' lang='lat' dir='ltr'>vates</span> <span class='ocrx_word' id='word_1_54' title='bbox 999 713 1146 762; x_wconf 88' lang='lat' dir='ltr'>fuisse</span> <span class='ocrx_word' id='word_1_55' title='bbox 1182 714 1458 778; x_wconf 84' lang='lat' dir='ltr'>ingeniosos</span> <span class='ocrx_word' id='word_1_56' title='bbox 1499 724 1612 764; x_wconf 87' lang='lat' dir='ltr'>ante</span> <span class='ocrx_word' id='word_1_57' title='bbox 1636 734 1709 765; x_wconf 88' lang='lat' dir='ltr'>ar-</span> 
     </span>
     <span class='ocr_line' id='line_1_9' title="bbox 214 779 1708 844; baseline 0.001 -16"><span class='ocrx_word' id='word_1_58' title='bbox 214 787 314 828; x_wconf 86' lang='lat' dir='ltr'>tem</span> <span class='ocrx_word' id='word_1_59' title='bbox 339 780 579 827; x_wconf 83' lang='lat' dir='ltr'>sollertius</span> <span class='ocrx_word' id='word_1_60' title='bbox 604 779 891 843; x_wconf 89' lang='lat' dir='ltr'>percultam,</span> <span class='ocrx_word' id='word_1_61' title='bbox 917 788 1062 843; x_wconf 89' lang='lat' dir='ltr'>atque</span> <span class='ocrx_word' id='word_1_62' title='bbox 1087 780 1209 827; x_wconf 87' lang='lat' dir='ltr'>adeo</span> <span class='ocrx_word' id='word_1_63' title='bbox 1232 779 1492 843; x_wconf 90' lang='lat' dir='ltr'>plurimum</span> <span class='ocrx_word' id='word_1_64' title='bbox 1511 782 1708 844; x_wconf 88' lang='lat' dir='ltr'>polluis-</span> 
     </span>
     <span class='ocr_line' id='line_1_10' title="bbox 215 845 1708 909; baseline 0.001 -17"><span class='ocrx_word' id='word_1_65' title='bbox 215 862 266 893; x_wconf 89' lang='lat' dir='ltr'>se</span> <span class='ocrx_word' id='word_1_66' title='bbox 301 845 403 893; x_wconf 91' lang='lat' dir='ltr'>sine</span> <span class='ocrx_word' id='word_1_67' title='bbox 444 845 539 893; x_wconf 87' lang='lat' dir='ltr'>illa.</span> <span class='ocrx_word' id='word_1_68' title='bbox 610 845 738 893; x_wconf 93' lang='lat' dir='ltr'>Nolo</span> <span class='ocrx_word' id='word_1_69' title='bbox 782 845 1054 893; x_wconf 86' lang='lat' dir='ltr'>Homerum</span> <span class='ocrx_word' id='word_1_70' title='bbox 1093 846 1124 892; x_wconf 90' lang='lat' dir='ltr'>i.</span> <span class='ocrx_word' id='word_1_71' title='bbox 1168 863 1210 892; x_wconf 86' lang='lat' dir='ltr'>e.</span> <span class='ocrx_word' id='word_1_72' title='bbox 1247 846 1445 909; x_wconf 87' lang='lat' dir='ltr'>antiqua</span> <span class='ocrx_word' id='word_1_73' title='bbox 1480 846 1708 895; x_wconf 85' lang='lat' dir='ltr'>Carmina</span> 
     </span>
     <span class='ocr_line' id='line_1_11' title="bbox 216 911 1705 975; baseline 0.001 -17"><span class='ocrx_word' id='word_1_74' title='bbox 216 911 393 959; x_wconf 91' lang='lat' dir='ltr'>Ionum</span> <span class='ocrx_word' id='word_1_75' title='bbox 436 928 713 975; x_wconf 87' lang='lat' dir='ltr'>comparare</span> <span class='ocrx_word' id='word_1_76' title='bbox 756 928 868 959; x_wconf 91' lang='lat' dir='ltr'>cum</span> <span class='ocrx_word' id='word_1_77' title='bbox 907 911 1100 959; x_wconf 89' lang='lat' dir='ltr'>Ossiani</span> <span class='ocrx_word' id='word_1_78' title='bbox 1142 911 1447 959; x_wconf 84' lang='lat' dir='ltr'>Carminibus</span> <span class='ocrx_word' id='word_1_79' title='bbox 1489 911 1705 970; x_wconf 88' lang='lat' dir='ltr'>Celticis,</span> 
     </span>
     <span class='ocr_line' id='line_1_12' title="bbox 214 976 1708 1040; baseline 0.001 -16"><span class='ocrx_word' id='word_1_80' title='bbox 214 994 322 1040; x_wconf 85' lang='lat' dir='ltr'>quae</span> <span class='ocrx_word' id='word_1_81' title='bbox 344 985 508 1024; x_wconf 88' lang='lat' dir='ltr'>tamen</span> <span class='ocrx_word' id='word_1_82' title='bbox 533 994 624 1025; x_wconf 90' lang='lat' dir='ltr'>nec</span> <span class='ocrx_word' id='word_1_83' title='bbox 650 976 792 1024; x_wconf 89' lang='lat' dir='ltr'>unius</span> <span class='ocrx_word' id='word_1_84' title='bbox 816 977 971 1024; x_wconf 85' lang='lat' dir='ltr'>aetatis</span> <span class='ocrx_word' id='word_1_85' title='bbox 994 994 1087 1025; x_wconf 91' lang='lat' dir='ltr'>nec</span> <span class='ocrx_word' id='word_1_86' title='bbox 1120 978 1334 1040; x_wconf 85' lang='lat' dir='ltr'>genuina</span> <span class='ocrx_word' id='word_1_87' title='bbox 1357 978 1494 1025; x_wconf 89' lang='lat' dir='ltr'>nobis</span> <span class='ocrx_word' id='word_1_88' title='bbox 1529 978 1708 1026; x_wconf 88' lang='lat' dir='ltr'>tradita</span> 
     </span>
     <span class='ocr_line' id='line_1_13' title="bbox 215 1042 1708 1106; baseline 0.001 -16"><span class='ocrx_word' id='word_1_89' title='bbox 215 1059 316 1090; x_wconf 90' lang='lat' dir='ltr'>esse</span> <span class='ocrx_word' id='word_1_90' title='bbox 356 1050 501 1105; x_wconf 91' lang='lat' dir='ltr'>puto:</span> <span class='ocrx_word' id='word_1_91' title='bbox 540 1043 625 1089; x_wconf 89' lang='lat' dir='ltr'>sed</span> <span class='ocrx_word' id='word_1_92' title='bbox 667 1042 727 1089; x_wconf 91' lang='lat' dir='ltr'>de</span> <span class='ocrx_word' id='word_1_93' title='bbox 770 1042 970 1090; x_wconf 90' lang='lat' dir='ltr'>Ariosto</span> <span class='ocrx_word' id='word_1_94' title='bbox 995 1050 1045 1090; x_wconf 91' lang='lat' dir='ltr'>et</span> <span class='ocrx_word' id='word_1_95' title='bbox 1083 1043 1430 1106; x_wconf 84' lang='lat' dir='ltr'>Shakespeario</span> <span class='ocrx_word' id='word_1_96' title='bbox 1470 1059 1615 1091; x_wconf 90' lang='lat' dir='ltr'>nemo</span> <span class='ocrx_word' id='word_1_97' title='bbox 1638 1044 1708 1091; x_wconf 89' lang='lat' dir='ltr'>ita</span> 
     </span>
     <span class='ocr_line' id='line_1_14' title="bbox 214 1107 1704 1172; baseline 0.001 -17"><span class='ocrx_word' id='word_1_98' title='bbox 214 1107 432 1163; x_wconf 83' lang='lat' dir='ltr'>senserit,</span> <span class='ocrx_word' id='word_1_99' title='bbox 459 1115 515 1154; x_wconf 94' lang='lat' dir='ltr'>ut</span> <span class='ocrx_word' id='word_1_100' title='bbox 539 1124 621 1155; x_wconf 90' lang='lat' dir='ltr'>eos</span> <span class='ocrx_word' id='word_1_101' title='bbox 646 1124 759 1155; x_wconf 91' lang='lat' dir='ltr'>cum</span> <span class='ocrx_word' id='word_1_102' title='bbox 777 1108 976 1171; x_wconf 84' lang='lat' dir='ltr'>ingenio</span> <span class='ocrx_word' id='word_1_103' title='bbox 1002 1116 1052 1156; x_wconf 92' lang='lat' dir='ltr'>et</span> <span class='ocrx_word' id='word_1_104' title='bbox 1070 1116 1172 1156; x_wconf 86' lang='lat' dir='ltr'>arte</span> <span class='ocrx_word' id='word_1_105' title='bbox 1200 1108 1407 1155; x_wconf 87' lang='lat' dir='ltr'>Homeri</span> <span class='ocrx_word' id='word_1_106' title='bbox 1427 1126 1704 1172; x_wconf 88' lang='lat' dir='ltr'>comparan-</span> 
     </span>
     <span class='ocr_line' id='line_1_15' title="bbox 214 1172 1707 1236; baseline 0.001 -16"><span class='ocrx_word' id='word_1_107' title='bbox 214 1173 301 1220; x_wconf 91' lang='lat' dir='ltr'>dos</span> <span class='ocrx_word' id='word_1_108' title='bbox 325 1180 488 1236; x_wconf 82' lang='lat' dir='ltr'>neget.</span> <span class='ocrx_word' id='word_1_109' title='bbox 561 1172 633 1220; x_wconf 88' lang='lat' dir='ltr'>At</span> <span class='ocrx_word' id='word_1_110' title='bbox 672 1189 836 1220; x_wconf 86' lang='lat' dir='ltr'>noune</span> <span class='ocrx_word' id='word_1_111' title='bbox 861 1174 910 1220; x_wconf 89' lang='lat' dir='ltr'>in</span> <span class='ocrx_word' id='word_1_112' title='bbox 947 1173 1019 1220; x_wconf 91' lang='lat' dir='ltr'>his</span> <span class='ocrx_word' id='word_1_113' title='bbox 1041 1173 1196 1220; x_wconf 88' lang='lat' dir='ltr'>multa</span> <span class='ocrx_word' id='word_1_114' title='bbox 1226 1181 1355 1229; x_wconf 91' lang='lat' dir='ltr'>sunt,</span> <span class='ocrx_word' id='word_1_115' title='bbox 1382 1190 1490 1236; x_wconf 86' lang='lat' dir='ltr'>quae</span> <span class='ocrx_word' id='word_1_116' title='bbox 1515 1174 1707 1221; x_wconf 88' lang='lat' dir='ltr'>Lessin-</span> 
     </span>
     <span class='ocr_line' id='line_1_16' title="bbox 211 1238 1705 1303; baseline 0.002 -18"><span class='ocrx_word' id='word_1_117' title='bbox 211 1238 335 1302; x_wconf 84' lang='lat' dir='ltr'>gius,</span> <span class='ocrx_word' id='word_1_118' title='bbox 365 1238 661 1294; x_wconf 85' lang='lat' dir='ltr'>Wielandus,</span> <span class='ocrx_word' id='word_1_119' title='bbox 699 1238 901 1285; x_wconf 86' lang='lat' dir='ltr'>Vossius</span> <span class='ocrx_word' id='word_1_120' title='bbox 937 1239 1171 1286; x_wconf 86' lang='lat' dir='ltr'>mutanda</span> <span class='ocrx_word' id='word_1_121' title='bbox 1194 1246 1244 1286; x_wconf 92' lang='lat' dir='ltr'>et</span> <span class='ocrx_word' id='word_1_122' title='bbox 1283 1239 1546 1286; x_wconf 88' lang='lat' dir='ltr'>recidenda</span> <span class='ocrx_word' id='word_1_123' title='bbox 1568 1248 1705 1303; x_wconf 88' lang='lat' dir='ltr'>puta-</span> 
     </span>
     <span class='ocr_line' id='line_1_17' title="bbox 212 1303 1708 1359; baseline 0.001 -9"><span class='ocrx_word' id='word_1_124' title='bbox 212 1311 337 1359; x_wconf 86' lang='lat' dir='ltr'>rent,</span> <span class='ocrx_word' id='word_1_125' title='bbox 364 1303 402 1351; x_wconf 91' lang='lat' dir='ltr'>si</span> <span class='ocrx_word' id='word_1_126' title='bbox 426 1304 645 1351; x_wconf 85' lang='lat' dir='ltr'>criticam</span> <span class='ocrx_word' id='word_1_127' title='bbox 669 1303 830 1352; x_wconf 86' lang='lat' dir='ltr'>facere</span> <span class='ocrx_word' id='word_1_128' title='bbox 854 1304 1037 1352; x_wconf 88' lang='lat' dir='ltr'>vellent</span> <span class='ocrx_word' id='word_1_129' title='bbox 1078 1305 1139 1352; x_wconf 87' lang='lat' dir='ltr'>ad</span> <span class='ocrx_word' id='word_1_130' title='bbox 1165 1304 1453 1353; x_wconf 84' lang='lat' dir='ltr'>Graecorum</span> <span class='ocrx_word' id='word_1_131' title='bbox 1493 1312 1708 1353; x_wconf 77' lang='lat' dir='ltr'>morem?</span> 
     </span>
     <span class='ocr_line' id='line_1_18' title="bbox 213 1369 1708 1434; baseline 0.002 -18"><span class='ocrx_word' id='word_1_132' title='bbox 213 1369 376 1426; x_wconf 76' lang='lat' dir='ltr'>Quid?</span> <span class='ocrx_word' id='word_1_133' title='bbox 422 1369 461 1416; x_wconf 91' lang='lat' dir='ltr'>si</span> <span class='ocrx_word' id='word_1_134' title='bbox 502 1369 715 1417; x_wconf 88' lang='lat' dir='ltr'>diversos</span> <span class='ocrx_word' id='word_1_135' title='bbox 754 1369 946 1417; x_wconf 90' lang='lat' dir='ltr'>illorum</span> <span class='ocrx_word' id='word_1_136' title='bbox 987 1374 1241 1433; x_wconf 72' lang='lat' dir='ltr'>poetarum</span> <span class='ocrx_word' id='word_1_137' title='bbox 1288 1378 1337 1418; x_wconf 90' lang='lat' dir='ltr'>et</span> <span class='ocrx_word' id='word_1_138' title='bbox 1378 1370 1708 1434; x_wconf 90' lang='lat' dir='ltr'>discrepantes</span> 
     </span>
     <span class='ocr_line' id='line_1_19' title="bbox 213 1435 1705 1491; baseline 0.002 -10"><span class='ocrx_word' id='word_1_139' title='bbox 213 1435 405 1482; x_wconf 88' lang='lat' dir='ltr'>codices</span> <span class='ocrx_word' id='word_1_140' title='bbox 430 1435 732 1491; x_wconf 87' lang='lat' dir='ltr'>haberemus,</span> <span class='ocrx_word' id='word_1_141' title='bbox 759 1452 922 1483; x_wconf 89' lang='lat' dir='ltr'>nonne</span> <span class='ocrx_word' id='word_1_142' title='bbox 961 1436 1013 1483; x_wconf 90' lang='lat' dir='ltr'>id</span> <span class='ocrx_word' id='word_1_143' title='bbox 1037 1436 1114 1484; x_wconf 91' lang='lat' dir='ltr'>vel</span> <span class='ocrx_word' id='word_1_144' title='bbox 1139 1452 1375 1483; x_wconf 89' lang='lat' dir='ltr'>summam</span> <span class='ocrx_word' id='word_1_145' title='bbox 1416 1436 1705 1484; x_wconf 88' lang='lat' dir='ltr'>modestiam</span> 
     </span>
     <span class='ocr_line' id='line_1_20' title="bbox 211 1501 1708 1558; baseline 0.001 -10"><span class='ocrx_word' id='word_1_146' title='bbox 211 1501 301 1549; x_wconf 86' lang='lat' dir='ltr'>aevi</span> <span class='ocrx_word' id='word_1_147' title='bbox 326 1501 478 1548; x_wconf 87' lang='lat' dir='ltr'>nostri</span> <span class='ocrx_word' id='word_1_148' title='bbox 503 1501 565 1548; x_wconf 92' lang='lat' dir='ltr'>ad</span> <span class='ocrx_word' id='word_1_149' title='bbox 590 1501 817 1549; x_wconf 87' lang='lat' dir='ltr'>Graecam</span> <span class='ocrx_word' id='word_1_150' title='bbox 836 1501 1088 1549; x_wconf 88' lang='lat' dir='ltr'>audaciam</span> <span class='ocrx_word' id='word_1_151' title='bbox 1108 1502 1368 1549; x_wconf 78' lang='lat' dir='ltr'>invitaret?</span> <span class='ocrx_word' id='word_1_152' title='bbox 1404 1502 1539 1558; x_wconf 85' lang='lat' dir='ltr'>Quid</span> <span class='ocrx_word' id='word_1_153' title='bbox 1556 1502 1708 1550; x_wconf 80' lang='lat' dir='ltr'>adeo?</span> 
     </span>
     <span class='ocr_line' id='line_1_21' title="bbox 213 1566 1706 1615; baseline 0 -1"><span class='ocrx_word' id='word_1_154' title='bbox 213 1567 251 1614; x_wconf 87' lang='lat' dir='ltr'>si</span> <span class='ocrx_word' id='word_1_155' title='bbox 293 1583 320 1613; x_wconf 91' lang='lat' dir='ltr'>e</span> <span class='ocrx_word' id='word_1_156' title='bbox 355 1566 656 1614; x_wconf 84' lang='lat' dir='ltr'>discordibus</span> <span class='ocrx_word' id='word_1_157' title='bbox 697 1567 988 1615; x_wconf 88' lang='lat' dir='ltr'>testimoniis</span> <span class='ocrx_word' id='word_1_158' title='bbox 1031 1575 1284 1615; x_wconf 84' lang='lat' dir='ltr'>cantorum</span> <span class='ocrx_word' id='word_1_159' title='bbox 1320 1575 1370 1614; x_wconf 88' lang='lat' dir='ltr'>et</span> <span class='ocrx_word' id='word_1_160' title='bbox 1403 1568 1706 1615; x_wconf 84' lang='lat' dir='ltr'>librariorum</span> 
     </span>
     <span class='ocr_line' id='line_1_22' title="bbox 214 1631 1703 1697; baseline 0.003 -19"><span class='ocrx_word' id='word_1_161' title='bbox 214 1631 525 1680; x_wconf 89' lang='lat' dir='ltr'>Aristarchus</span> <span class='ocrx_word' id='word_1_162' title='bbox 564 1649 627 1680; x_wconf 92' lang='lat' dir='ltr'>ne</span> <span class='ocrx_word' id='word_1_163' title='bbox 667 1640 894 1695; x_wconf 87' lang='lat' dir='ltr'>potuerat</span> <span class='ocrx_word' id='word_1_164' title='bbox 934 1633 1146 1696; x_wconf 89' lang='lat' dir='ltr'>quidem,</span> <span class='ocrx_word' id='word_1_165' title='bbox 1191 1633 1410 1697; x_wconf 88' lang='lat' dir='ltr'>quamvis</span> <span class='ocrx_word' id='word_1_166' title='bbox 1456 1633 1703 1690; x_wconf 84' lang='lat' dir='ltr'>voluisset,</span> 
     </span>
     <span class='ocr_line' id='line_1_23' title="bbox 211 1697 1708 1762; baseline 0.002 -18"><span class='ocrx_word' id='word_1_167' title='bbox 211 1714 367 1762; x_wconf 90' lang='lat' dir='ltr'>eoque</span> <span class='ocrx_word' id='word_1_168' title='bbox 392 1697 537 1745; x_wconf 91' lang='lat' dir='ltr'>unice</span> <span class='ocrx_word' id='word_1_169' title='bbox 562 1698 775 1745; x_wconf 86' lang='lat' dir='ltr'>animum</span> <span class='ocrx_word' id='word_1_170' title='bbox 799 1698 1104 1754; x_wconf 88' lang='lat' dir='ltr'>intendisset,</span> <span class='ocrx_word' id='word_1_171' title='bbox 1147 1715 1433 1762; x_wconf 82' lang='lat' dir='ltr'>germanum</span> <span class='ocrx_word' id='word_1_172' title='bbox 1459 1706 1522 1755; x_wconf 90' lang='lat' dir='ltr'>et,</span> <span class='ocrx_word' id='word_1_173' title='bbox 1550 1707 1605 1746; x_wconf 91' lang='lat' dir='ltr'>ut</span> <span class='ocrx_word' id='word_1_174' title='bbox 1641 1700 1708 1748; x_wconf 84' lang='lat' dir='ltr'>ita</span> 
     </span>
     <span class='ocr_line' id='line_1_24' title="bbox 212 1763 1704 1828; baseline 0.002 -18"><span class='ocrx_word' id='word_1_175' title='bbox 212 1763 386 1820; x_wconf 89' lang='lat' dir='ltr'>dicam,</span> <span class='ocrx_word' id='word_1_176' title='bbox 428 1763 772 1826; x_wconf 85' lang='lat' dir='ltr'>primigenium</span> <span class='ocrx_word' id='word_1_177' title='bbox 813 1763 946 1811; x_wconf 79' lang='grc' dir='ltr'><strong><em>αόιδόν</em></strong></span> <span class='ocrx_word' id='word_1_178' title='bbox 992 1765 1250 1823; x_wconf 78' lang='lat' dir='ltr'>leducere3</span> <span class='ocrx_word' id='word_1_179' title='bbox 1292 1764 1704 1828; x_wconf 85' lang='lat' dir='ltr'>quandoquidem,</span> 
     </span>
     <span class='ocr_line' id='line_1_25' title="bbox 209 1828 1702 1894; baseline 0.002 -19"><span class='ocrx_word' id='word_1_180' title='bbox 209 1829 329 1890; x_wconf 89' lang='lat' dir='ltr'>quid</span> <span class='ocrx_word' id='word_1_181' title='bbox 351 1829 478 1876; x_wconf 91' lang='lat' dir='ltr'>inter</span> <span class='ocrx_word' id='word_1_182' title='bbox 503 1828 634 1877; x_wconf 91' lang='lat' dir='ltr'>hunc</span> <span class='ocrx_word' id='word_1_183' title='bbox 660 1837 710 1877; x_wconf 91' lang='lat' dir='ltr'>et</span> <span class='ocrx_word' id='word_1_184' title='bbox 734 1830 986 1893; x_wconf 85' lang='lat' dir='ltr'>egregium</span> <span class='ocrx_word' id='word_1_185' title='bbox 1014 1830 1324 1894; x_wconf 88' lang='lat' dir='ltr'>rhapsodum,</span> <span class='ocrx_word' id='word_1_186' title='bbox 1352 1838 1498 1894; x_wconf 87' lang='lat' dir='ltr'>atque</span> <span class='ocrx_word' id='word_1_187' title='bbox 1522 1847 1702 1887; x_wconf 89' lang='lat' dir='ltr'>rursus,</span> 
     </span>
     <span class='ocr_line' id='line_1_26' title="bbox 206 1893 1702 1960; baseline 0.002 -19"><span class='ocrx_word' id='word_1_188' title='bbox 206 1893 325 1957; x_wconf 88' lang='lat' dir='ltr'>quid</span> <span class='ocrx_word' id='word_1_189' title='bbox 364 1895 492 1942; x_wconf 88' lang='lat' dir='ltr'>inter</span> <span class='ocrx_word' id='word_1_190' title='bbox 516 1895 810 1958; x_wconf 89' lang='lat' dir='ltr'>rhapsodum</span> <span class='ocrx_word' id='word_1_191' title='bbox 850 1895 1121 1944; x_wconf 88' lang='lat' dir='ltr'>mediocri</span> <span class='ocrx_word' id='word_1_192' title='bbox 1108 1896 1308 1960; x_wconf 79' lang='lat' dir='ltr'>lngenio</span> <span class='ocrx_word' id='word_1_193' title='bbox 1351 1904 1400 1943; x_wconf 92' lang='lat' dir='ltr'>et</span> <span class='ocrx_word' id='word_1_194' title='bbox 1427 1895 1702 1944; x_wconf 89' lang='lat' dir='ltr'>Homerum</span> 
     </span>
     <span class='ocr_line' id='line_1_27' title="bbox 210 1959 1705 2035; baseline 0.003 -29"><span class='ocrx_word' id='word_1_195' title='bbox 210 1959 554 2008; x_wconf 88' lang='lat' dir='ltr'>dormitantem</span> <span class='ocrx_word' id='word_1_196' title='bbox 580 1961 785 2009; x_wconf 88' lang='lat' dir='ltr'>subinde</span> <span class='ocrx_word' id='word_1_197' title='bbox 820 1968 870 2009; x_wconf 92' lang='lat' dir='ltr'>et</span> <span class='ocrx_word' id='word_1_198' title='bbox 893 1978 980 2009; x_wconf 91' lang='lat' dir='ltr'>suo</span> <span class='ocrx_word' id='word_1_199' title='bbox 1016 1961 1335 2009; x_wconf 89' lang='lat' dir='ltr'>abutentem</span> <span class='ocrx_word' id='word_1_200' title='bbox 1323 1962 1522 2035; x_wconf 82' lang='lat' dir='ltr'>lngenio</span> <span class='ocrx_word' id='word_1_201' title='bbox 1558 1962 1705 2012; x_wconf 81' lang='lat' dir='ltr'>inter-</span> 
     </span>
     <span class='ocr_line' id='line_1_28' title="bbox 212 2025 1473 2091; baseline 0.002 -18"><span class='ocrx_word' id='word_1_202' title='bbox 212 2032 351 2082; x_wconf 88' lang='lat' dir='ltr'>esset,</span> <span class='ocrx_word' id='word_1_203' title='bbox 372 2025 506 2073; x_wconf 90' lang='lat' dir='ltr'>nulla</span> <span class='ocrx_word' id='word_1_204' title='bbox 529 2026 736 2074; x_wconf 90' lang='lat' dir='ltr'>hominis</span> <span class='ocrx_word' id='word_1_205' title='bbox 760 2027 1024 2091; x_wconf 84' lang='lat' dir='ltr'>sagacitate</span> <span class='ocrx_word' id='word_1_206' title='bbox 1050 2027 1273 2090; x_wconf 85' lang='lat' dir='ltr'>dignosci</span> <span class='ocrx_word' id='word_1_207' title='bbox 1296 2027 1473 2091; x_wconf 90' lang='lat' dir='ltr'>potuit.</span> 
     </span>
    </p>

    <p class='ocr_par' dir='ltr' id='par_1_3' title="bbox 206 2091 1705 2611">
     <span class='ocr_line' id='line_1_29' title="bbox 274 2091 1703 2157; baseline 0.003 -19"><span class='ocrx_word' id='word_1_208' title='bbox 274 2091 353 2139; x_wconf 91' lang='lat' dir='ltr'>Sic</span> <span class='ocrx_word' id='word_1_209' title='bbox 379 2091 591 2155; x_wconf 91' lang='lat' dir='ltr'>denique</span> <span class='ocrx_word' id='word_1_210' title='bbox 616 2100 831 2156; x_wconf 86' lang='lat' dir='ltr'>apparet,</span> <span class='ocrx_word' id='word_1_211' title='bbox 852 2108 996 2156; x_wconf 87' lang='lat' dir='ltr'>quam</span> <span class='ocrx_word' id='word_1_212' title='bbox 1016 2109 1195 2157; x_wconf 89' lang='lat' dir='ltr'>anceps</span> <span class='ocrx_word' id='word_1_213' title='bbox 1216 2093 1436 2141; x_wconf 92' lang='lat' dir='ltr'>conditio</span> <span class='ocrx_word' id='word_1_214' title='bbox 1459 2093 1529 2141; x_wconf 91' lang='lat' dir='ltr'>rei</span> <span class='ocrx_word' id='word_1_215' title='bbox 1552 2092 1703 2142; x_wconf 88' lang='lat' dir='ltr'>fuerit</span> 
     </span>
     <span class='ocr_line' id='line_1_30' title="bbox 208 2157 1705 2220; baseline 0.003 -16"><span class='ocrx_word' id='word_1_216' title='bbox 208 2165 327 2213; x_wconf 89' lang='lat' dir='ltr'>tum,</span> <span class='ocrx_word' id='word_1_217' title='bbox 356 2174 505 2220; x_wconf 90' lang='lat' dir='ltr'>quum</span> <span class='ocrx_word' id='word_1_218' title='bbox 533 2157 847 2206; x_wconf 88' lang='lat' dir='ltr'>Aristarchus</span> <span class='ocrx_word' id='word_1_219' title='bbox 875 2158 1094 2207; x_wconf 89' lang='lat' dir='ltr'>Homero</span> <span class='ocrx_word' id='word_1_220' title='bbox 1127 2175 1363 2206; x_wconf 89' lang='lat' dir='ltr'>summam</span> <span class='ocrx_word' id='word_1_221' title='bbox 1387 2176 1583 2207; x_wconf 89' lang='lat' dir='ltr'>manum</span> <span class='ocrx_word' id='word_1_222' title='bbox 1619 2160 1705 2208; x_wconf 91' lang='lat' dir='ltr'>im-</span> 
     </span>
     <span class='ocr_line' id='line_1_31' title="bbox 207 2223 1704 2285; baseline 0.002 -15"><span class='ocrx_word' id='word_1_223' title='bbox 207 2230 429 2285; x_wconf 86' lang='lat' dir='ltr'>poneret.</span> <span class='ocrx_word' id='word_1_224' title='bbox 498 2223 748 2272; x_wconf 89' lang='lat' dir='ltr'>Videlicet</span> <span class='ocrx_word' id='word_1_225' title='bbox 792 2224 923 2272; x_wconf 91' lang='lat' dir='ltr'>hunc</span> <span class='ocrx_word' id='word_1_226' title='bbox 964 2225 1203 2273; x_wconf 89' lang='lat' dir='ltr'>Criticum</span> <span class='ocrx_word' id='word_1_227' title='bbox 1244 2225 1490 2272; x_wconf 74' lang='lat' dir='ltr'>absolvisse</span> <span class='ocrx_word' id='word_1_228' title='bbox 1526 2227 1704 2273; x_wconf 82' lang='lat' dir='ltr'>demum</span> 
     </span>
     <span class='ocr_line' id='line_1_32' title="bbox 207 2288 1703 2365; baseline 0.003 -30"><span class='ocrx_word' id='word_1_229' title='bbox 207 2288 323 2335; x_wconf 68' lang='lat' dir='ltr'>Itane</span> <span class='ocrx_word' id='word_1_230' title='bbox 339 2289 532 2364; x_wconf 57' lang='lat' dir='ltr'>politam</span> <span class='ocrx_word' id='word_1_231' title='bbox 562 2297 610 2336; x_wconf 85' lang='lat' dir='ltr'>et</span> <span class='ocrx_word' id='word_1_232' title='bbox 627 2290 894 2337; x_wconf 80' lang='lat' dir='ltr'>concinnam</span> <span class='ocrx_word' id='word_1_233' title='bbox 918 2290 1126 2344; x_wconf 73' lang='grc' dir='ltr'><strong><em>διασκευὴν</em></strong></span> <span class='ocrx_word' id='word_1_234' title='bbox 1159 2292 1400 2365; x_wconf 62' lang='lat' dir='ltr'>thngfnnv2</span> <span class='ocrx_word' id='word_1_235' title='bbox 1424 2291 1473 2338; x_wconf 80' lang='lat' dir='ltr'>in</span> <span class='ocrx_word' id='word_1_236' title='bbox 1506 2308 1599 2355; x_wconf 82' lang='lat' dir='ltr'>qua</span> <span class='ocrx_word' id='word_1_237' title='bbox 1621 2308 1703 2339; x_wconf 84' lang='lat' dir='ltr'>nec</span> 
     </span>
     <span class='ocr_line' id='line_1_33' title="bbox 207 2355 1701 2420; baseline 0.003 -20"><span class='ocrx_word' id='word_1_238' title='bbox 207 2355 402 2407; x_wconf 77' lang='lat' dir='ltr'>medium</span> <span class='ocrx_word' id='word_1_239' title='bbox 437 2355 608 2416; x_wconf 78' lang='lat' dir='ltr'>primo,</span> <span class='ocrx_word' id='word_1_240' title='bbox 632 2372 714 2403; x_wconf 75' lang='lat' dir='ltr'>nec</span> <span class='ocrx_word' id='word_1_241' title='bbox 737 2356 873 2403; x_wconf 80' lang='lat' dir='ltr'>imum</span> <span class='ocrx_word' id='word_1_242' title='bbox 912 2357 1148 2419; x_wconf 80' lang='lat' dir='ltr'>discrepat</span> <span class='ocrx_word' id='word_1_243' title='bbox 1187 2357 1355 2415; x_wconf 79' lang='lat' dir='ltr'>medzo,</span> <span class='ocrx_word' id='word_1_244' title='bbox 1393 2357 1701 2420; x_wconf 88' lang='lat' dir='ltr'>eundemque</span> 
     </span>
     <span class='ocr_line' id='line_1_34' title="bbox 206 2419 1701 2486; baseline 0.003 -21"><span class='ocrx_word' id='word_1_245' title='bbox 206 2419 408 2467; x_wconf 87' lang='lat' dir='ltr'>fortasse</span> <span class='ocrx_word' id='word_1_246' title='bbox 434 2420 539 2468; x_wconf 82' lang='lat' dir='ltr'>haec</span> <span class='ocrx_word' id='word_1_247' title='bbox 581 2437 728 2484; x_wconf 82' lang='lat' dir='ltr'>opeia</span> <span class='ocrx_word' id='word_1_248' title='bbox 752 2421 885 2469; x_wconf 89' lang='lat' dir='ltr'>duo</span> <span class='ocrx_word' id='word_1_249' title='bbox 874 2438 923 2468; x_wconf 88' lang='lat' dir='ltr'>m</span> <span class='ocrx_word' id='word_1_250' title='bbox 948 2421 1047 2478; x_wconf 85' lang='lat' dir='ltr'>has,</span> <span class='ocrx_word' id='word_1_251' title='bbox 1076 2439 1184 2486; x_wconf 87' lang='lat' dir='ltr'>quae</span> <span class='ocrx_word' id='word_1_252' title='bbox 1210 2438 1342 2470; x_wconf 89' lang='lat' dir='ltr'>nunc</span> <span class='ocrx_word' id='word_1_253' title='bbox 1367 2430 1701 2481; x_wconf 88' lang='lat' dir='ltr'>numerantur,</span> 
     </span>
     <span class='ocr_line' id='line_1_35' title="bbox 206 2485 1702 2549; baseline 0.003 -18"><span class='ocrx_word' id='word_1_254' title='bbox 206 2485 483 2549; x_wconf 70' lang='lat' dir='ltr'>rhapsodias</span> <span class='ocrx_word' id='word_1_255' title='bbox 509 2485 740 2543; x_wconf 89' lang='lat' dir='ltr'>divisisse,</span> <span class='ocrx_word' id='word_1_256' title='bbox 780 2487 1258 2536; x_wconf 80' lang='lat' dir='ltr'>Commentatoiibus</span> <span class='ocrx_word' id='word_1_257' title='bbox 1283 2496 1333 2535; x_wconf 83' lang='lat' dir='ltr'>et</span> <span class='ocrx_word' id='word_1_258' title='bbox 1358 2487 1702 2536; x_wconf 88' lang='lat' dir='ltr'>Grammaticis</span> 
     </span>
     <span class='ocr_line' id='line_1_36' title="bbox 210 2550 1705 2611; baseline 0.003 -14"><span class='ocrx_word' id='word_1_259' title='bbox 210 2550 487 2600; x_wconf 85' lang='lat' dir='ltr'>Homericis</span> <span class='ocrx_word' id='word_1_260' title='bbox 517 2550 662 2600; x_wconf 86' lang='lat' dir='ltr'>facile</span> <span class='ocrx_word' id='word_1_261' title='bbox 696 2553 990 2601; x_wconf 72' lang='lat' dir='ltr'>credimusb.</span> <span class='ocrx_word' id='word_1_262' title='bbox 1063 2554 1407 2611; x_wconf 81' lang='lat' dir='ltr'>Quamobrem,</span> <span class='ocrx_word' id='word_1_263' title='bbox 1442 2554 1479 2600; x_wconf 89' lang='lat' dir='ltr'>si</span> <span class='ocrx_word' id='word_1_264' title='bbox 1506 2553 1567 2601; x_wconf 92' lang='lat' dir='ltr'>de</span> <span class='ocrx_word' id='word_1_265' title='bbox 1599 2555 1705 2601; x_wconf 93' lang='lat' dir='ltr'>uni-</span> 
     </span>
    </p>
   </div>
   <div class='ocr_carea' id='block_1_3' title="bbox 197 2695 1704 2912">
    <p class='ocr_par' dir='ltr' id='par_1_4' title="bbox 210 2695 1700 2781">
     <span class='ocr_line' id='line_1_37' title="bbox 243 2695 1700 2739; baseline 0.001 -14"><span class='ocrx_word' id='word_1_266' title='bbox 243 2705 262 2725; x_wconf 86' lang='lat' dir='ltr'>a</span> <span class='ocrx_word' id='word_1_267' title='bbox 285 2696 396 2736; x_wconf 86' lang='lat' dir='ltr'>Longe</span> <span class='ocrx_word' id='word_1_268' title='bbox 410 2695 472 2726; x_wconf 80' lang='lat' dir='ltr'>alia</span> <span class='ocrx_word' id='word_1_269' title='bbox 486 2701 559 2727; x_wconf 76' lang='lat' dir='ltr'>aetas</span> <span class='ocrx_word' id='word_1_270' title='bbox 575 2696 717 2736; x_wconf 84' lang='lat' dir='ltr'>producit</span> <span class='ocrx_word' id='word_1_271' title='bbox 733 2697 903 2736; x_wconf 80' lang='lat' dir='ltr'>scriptores,</span> <span class='ocrx_word' id='word_1_272' title='bbox 932 2698 998 2737; x_wconf 85' lang='lat' dir='ltr'>pari</span> <span class='ocrx_word' id='word_1_273' title='bbox 1017 2698 1204 2729; x_wconf 81' lang='lat' dir='ltr'>excellentes</span> <span class='ocrx_word' id='word_1_274' title='bbox 1219 2696 1348 2739; x_wconf 83' lang='lat' dir='ltr'>ingenio</span> <span class='ocrx_word' id='word_1_275' title='bbox 1363 2703 1394 2728; x_wconf 85' lang='lat' dir='ltr'>et</span> <span class='ocrx_word' id='word_1_276' title='bbox 1409 2703 1485 2737; x_wconf 83' lang='lat' dir='ltr'>arte,</span> <span class='ocrx_word' id='word_1_277' title='bbox 1500 2707 1621 2739; x_wconf 80' lang='lat' dir='ltr'>eosque,</span> <span class='ocrx_word' id='word_1_278' title='bbox 1638 2697 1700 2739; x_wconf 65' lang='lat' dir='ltr'>qui³</span> 
     </span>
     <span class='ocr_line' id='line_1_38' title="bbox 201 2739 1389 2781; baseline 0.004 -14.038"><span class='ocrx_word' id='word_1_279' title='bbox 201 2739 280 2768; x_wconf 70' lang='lat' dir='ltr'>nihil</span> <span class='ocrx_word' id='word_1_280' title='bbox 292 2750 313 2778; x_wconf 81' lang='lat' dir='ltr'><em>p</em></span> <span class='ocrx_word' id='word_1_281' title='bbox 306 2746 430 2776; x_wconf 35' lang='lat' dir='ltr'>meccant</span> <span class='ocrx_word' id='word_1_282' title='bbox 445 2742 508 2770; x_wconf 77' lang='lat' dir='ltr'>m‘si</span> <span class='ocrx_word' id='word_1_283' title='bbox 523 2742 602 2780; x_wconf 71' lang='lat' dir='ltr'>qnod</span> <span class='ocrx_word' id='word_1_284' title='bbox 619 2742 698 2770; x_wconf 75' lang='lat' dir='ltr'>nihil</span> <span class='ocrx_word' id='word_1_285' title='bbox 711 2747 850 2779; x_wconf 77' lang='lat' dir='ltr'>peccant,</span> <span class='ocrx_word' id='word_1_286' title='bbox 866 2747 902 2771; x_wconf 86' lang='lat' dir='ltr'>ut</span> <span class='ocrx_word' id='word_1_287' title='bbox 916 2747 987 2781; x_wconf 86' lang='lat' dir='ltr'>apte</span> <span class='ocrx_word' id='word_1_288' title='bbox 1004 2741 1086 2772; x_wconf 85' lang='lat' dir='ltr'>Plin.</span> <span class='ocrx_word' id='word_1_289' title='bbox 1102 2742 1145 2771; x_wconf 76' lang='lat' dir='ltr'>ait</span> <span class='ocrx_word' id='word_1_290' title='bbox 1162 2743 1237 2781; x_wconf 86' lang='lat' dir='ltr'>Epp.</span> <span class='ocrx_word' id='word_1_291' title='bbox 1259 2739 1319 2772; x_wconf 92' lang='lat' dir='ltr'>IV.</span> <span class='ocrx_word' id='word_1_292' title='bbox 1337 2743 1389 2772; x_wconf 81' lang='lat'>26.</span> 
     </span>
    </p>

    <p class='ocr_par' dir='ltr' id='par_1_5' title="bbox 197 2782 1704 2912">
     <span class='ocr_line' id='line_1_39' title="bbox 243 2782 1701 2825; baseline 0.006 -13"><span class='ocrx_word' id='word_1_293' title='bbox 243 2783 263 2811; x_wconf 95' lang='lat' dir='ltr'>b</span> <span class='ocrx_word' id='word_1_294' title='bbox 279 2782 351 2812; x_wconf 73' lang='lat' dir='ltr'>Ver.</span> <span class='ocrx_word' id='word_1_295' title='bbox 379 2783 553 2813; x_wconf 84' lang='lat' dir='ltr'>Grammat.</span> <span class='ocrx_word' id='word_1_296' title='bbox 569 2782 642 2813; x_wconf 69' lang='lat' dir='ltr'>de)</span> <span class='ocrx_word' id='word_1_297' title='bbox 624 2783 707 2822; x_wconf 78' lang='lat' dir='ltr'>po&#39;e‘si</span> <span class='ocrx_word' id='word_1_298' title='bbox 726 2784 822 2813; x_wconf 80' lang='lat' dir='ltr'>Hom.</span> <span class='ocrx_word' id='word_1_299' title='bbox 840 2787 867 2813; x_wconf 72' lang='lat'>⁶2.</span> <span class='ocrx_word' id='word_1_300' title='bbox 892 2785 969 2814; x_wconf 72' lang='grc' dir='ltr'><strong><em>Εἰσὶν</em></strong></span> <span class='ocrx_word' id='word_1_301' title='bbox 984 2786 1069 2824; x_wconf 68' lang='grc' dir='ltr'>αὐτῷ</span> <span class='ocrx_word' id='word_1_302' title='bbox 1083 2786 1202 2819; x_wconf 69' lang='grc' dir='ltr'>ποιήσεις</span> <span class='ocrx_word' id='word_1_303' title='bbox 1226 2784 1279 2820; x_wconf 74' lang='grc' dir='ltr'>δύο,</span> <span class='ocrx_word' id='word_1_304' title='bbox 1295 2784 1388 2820; x_wconf 72' lang='grc' dir='ltr'><strong><em>Ἰλιὰς</em></strong></span> <span class='ocrx_word' id='word_1_305' title='bbox 1404 2785 1457 2815; x_wconf 75' lang='grc' dir='ltr'>καὶ</span> <span class='ocrx_word' id='word_1_306' title='bbox 1473 2784 1628 2820; x_wconf 64' lang='grc' dir='ltr'>Ὀδῦσσῑιαι</span> <span class='ocrx_word' id='word_1_307' title='bbox 1644 2782 1701 2825; x_wconf 68' lang='lat'><em>3¹3²·</em></span> 
     </span>
     <span class='ocr_line' id='line_1_40' title="bbox 197 2825 1704 2869; baseline 0 -13"><span class='ocrx_word' id='word_1_308' title='bbox 197 2825 268 2865; x_wconf 67' lang='grc' dir='ltr'>εημὲ</span> <span class='ocrx_word' id='word_1_309' title='bbox 272 2839 300 2858; x_wconf 77' lang='grc' dir='ltr'>νη</span> <span class='ocrx_word' id='word_1_310' title='bbox 329 2826 359 2856; x_wconf 71' lang='grc' dir='ltr'>ἔκ</span> <span class='ocrx_word' id='word_1_311' title='bbox 362 2839 414 2856; x_wconf 79' lang='grc' dir='ltr'>ατε</span> <span class='ocrx_word' id='word_1_312' title='bbox 411 2826 451 2869; x_wconf 67' lang='grc' dir='ltr'>’ρα</span> <span class='ocrx_word' id='word_1_313' title='bbox 469 2827 504 2860; x_wconf 75' lang='grc' dir='ltr'>εἷς</span> <span class='ocrx_word' id='word_1_314' title='bbox 533 2827 580 2856; x_wconf 73' lang='grc' dir='ltr'>τὶν</span> <span class='ocrx_word' id='word_1_315' title='bbox 595 2828 640 2867; x_wconf 71' lang='grc' dir='ltr'>ἀρι</span> <span class='ocrx_word' id='word_1_316' title='bbox 633 2827 717 2866; x_wconf 66' lang='grc' dir='ltr'><strong><em>ιθμδν</em></strong></span> <span class='ocrx_word' id='word_1_317' title='bbox 744 2840 798 2856; x_wconf 77' lang='grc' dir='ltr'>των</span> <span class='ocrx_word' id='word_1_318' title='bbox 836 2829 972 2867; x_wconf 77' lang='grc' dir='ltr'><strong><em>τιοχείων,</em></strong></span> <span class='ocrx_word' id='word_1_319' title='bbox 1001 2829 1057 2868; x_wconf 77' lang='grc' dir='ltr'>οὑχ</span> <span class='ocrx_word' id='word_1_320' title='bbox 1078 2829 1127 2859; x_wconf 65' lang='grc' dir='ltr'>ὑπ’</span> <span class='ocrx_word' id='word_1_321' title='bbox 1151 2829 1242 2859; x_wconf 70' lang='grc' dir='ltr'><strong><em>αὐτοῦ</em></strong></span> <span class='ocrx_word' id='word_1_322' title='bbox 1255 2829 1306 2859; x_wconf 75' lang='grc' dir='ltr'>τοῦ</span> <span class='ocrx_word' id='word_1_323' title='bbox 1322 2829 1449 2864; x_wconf 69' lang='grc' dir='ltr'><strong><em>ποιητοῦ,</em></strong></span> <span class='ocrx_word' id='word_1_324' title='bbox 1477 2829 1550 2860; x_wconf 75' lang='grc' dir='ltr'><strong>ἀλλ’</strong></span> <span class='ocrx_word' id='word_1_325' title='bbox 1567 2828 1622 2858; x_wconf 63' lang='grc' dir='ltr'>ὑπὸ</span> <span class='ocrx_word' id='word_1_326' title='bbox 1647 2827 1704 2857; x_wconf 64' lang='grc' dir='ltr'>’νῦν</span> 
     </span>
     <span class='ocr_line' id='line_1_41' title="bbox 201 2869 1701 2912; baseline 0.002 -15"><span class='ocrx_word' id='word_1_327' title='bbox 201 2872 379 2908; x_wconf 65' lang='grc' dir='ltr'>Γραμματικ</span> <span class='ocrx_word' id='word_1_328' title='bbox 362 2870 417 2900; x_wconf 69' lang='grc' dir='ltr'>κῶν</span> <span class='ocrx_word' id='word_1_329' title='bbox 449 2883 504 2900; x_wconf 74' lang='grc' dir='ltr'>των</span> <span class='ocrx_word' id='word_1_330' title='bbox 531 2882 590 2910; x_wconf 74' lang='grc' dir='ltr'><strong><em>περι</em></strong></span> <span class='ocrx_word' id='word_1_331' title='bbox 616 2869 678 2912; x_wconf 66' lang='grc' dir='ltr'>Ἀρί</span> <span class='ocrx_word' id='word_1_332' title='bbox 669 2882 754 2900; x_wconf 79' lang='grc' dir='ltr'><strong><em>ισταο</em></strong></span> <span class='ocrx_word' id='word_1_333' title='bbox 739 2883 811 2912; x_wconf 68' lang='grc' dir='ltr'>χον</span> <span class='ocrx_word' id='word_1_334' title='bbox 867 2870 915 2901; x_wconf 83' lang='lat' dir='ltr'>Cf·</span> <span class='ocrx_word' id='word_1_335' title='bbox 946 2871 1090 2902; x_wconf 75' lang='lat' dir='ltr'>Eustath.</span> <span class='ocrx_word' id='word_1_336' title='bbox 1118 2882 1147 2911; x_wconf 87' lang='lat' dir='ltr'>p.</span> <span class='ocrx_word' id='word_1_337' title='bbox 1177 2874 1205 2903; x_wconf 89' lang='lat'>5.</span> <span class='ocrx_word' id='word_1_338' title='bbox 1232 2877 1308 2903; x_wconf 79' lang='lat' dir='ltr'>extr.</span> <span class='ocrx_word' id='word_1_339' title='bbox 1339 2877 1372 2902; x_wconf 83' lang='lat' dir='ltr'>et</span> <span class='ocrx_word' id='word_1_340' title='bbox 1385 2871 1490 2903; x_wconf 81' lang='lat' dir='ltr'>Jensii</span> <span class='ocrx_word' id='word_1_341' title='bbox 1519 2871 1701 2902; x_wconf 75' lang='lat' dir='ltr'>Lucubratt·</span> 
     </span>
    </p>
   </div>
  </div>
 </body>
</html>
