1856 3235
169 205 265 245 164·
635 191 1192 241 PROLEGOMENA.

178 326 389 389 cupiam,
414 325 452 371 si
476 323 795 371 necessariam
820 339 1016 386 operam
1039 339 1139 369 non
1165 322 1495 379 detrectarim,
1520 339 1661 385 quam

178 392 315 448 vitio,
356 391 393 437 si
417 389 494 437 vel
528 389 684 436 minus
709 397 844 436 recte
884 389 935 434 in
960 404 1016 435 ea
1039 387 1126 434 sim
1167 395 1402 444 versatus,
1427 387 1505 435 vel
1528 387 1663 451 quid-

181 473 324 520 quam
350 463 497 504 certae
521 453 850 502 emendationi
875 452 1184 516 profuturum
1210 453 1467 500 omiserim.

861 647 983 695 VII.

250 784 446 832 Etenim
469 781 591 828 illud
613 780 731 827 mihi
765 794 916 826 unum
940 778 1244 841 propositum
1277 776 1373 825 fuit
1407 779 1672 842 praecipue,

185 858 241 898 ut
279 857 469 897 textum
520 845 725 893 Homeri
767 845 828 892 ad
869 859 1085 890 normam
1127 843 1331 890 eruditae
1373 843 1673 907 antiquitatis

187 915 516 970 emendarem,
541 918 687 974 atque
712 927 824 957 eum
846 908 1024 965 verbis,
1047 908 1465 972 interpunctione,
1501 925 1674 956 accen-

186 980 334 1037 tibus,
359 994 510 1041 prope
535 976 683 1023 talem
708 974 1008 1031 exhiberem,
1033 973 1186 1036 qualis
1223 991 1284 1021 ex
1308 973 1675 1022 recensionibus

187 1044 302 1092 olim
343 1041 690 1106 probatissimis
714 1039 929 1096 refictuS,
968 1039 1006 1085 si
1029 1047 1222 1085 tantum
1257 1055 1447 1102 sperare
1481 1038 1553 1086 fas
1585 1046 1677 1096 est,

188 1109 419 1172 Longino
441 1106 587 1154 alicui
612 1122 697 1152 seu
722 1105 801 1151 alii
824 1103 979 1150 veteri
1006 1103 1211 1161 Critico,
1236 1105 1318 1167 qui
1344 1104 1495 1167 copiis
1525 1104 1677 1151 Alex-

187 1174 503 1221 andrinorum
528 1170 687 1234 perite
722 1168 1070 1231 moderateque
1094 1168 1167 1215 uti
1204 1170 1368 1226 sciret,
1393 1169 1507 1216 satis
1531 1168 1678 1231 placi-

183 1246 325 1286 turus
349 1236 498 1284 fuisse
523 1235 788 1282 videretur.
863 1232 975 1280 Hoc
1001 1233 1119 1295 quid
1153 1234 1223 1280 rei
1260 1234 1322 1280 sit
1344 1242 1489 1296 atque
1525 1234 1681 1286 consi,-

189 1304 260 1361 lii,
294 1310 344 1350 et
368 1318 486 1365 quas
520 1301 572 1347 in
598 1317 656 1347 eo
697 1299 911 1346 rationes
948 1306 1146 1345 secutus
1183 1298 1290 1355 sim,
1333 1298 1681 1346 Commentarii

186 1367 390 1416 materia
425 1374 516 1423 est,
541 1382 640 1412 non
676 1363 993 1411 Praefationis.
1063 1363 1193 1410 Nam
1228 1363 1266 1410 si
1291 1380 1389 1410 non
1426 1364 1581 1411 solum
1606 1364 1676 1410 in-

189 1434 447 1481 doctorum
473 1430 737 1479 calumnias
761 1445 1004 1486 amovere,
1029 1429 1116 1476 sed
1132 1429 1258 1492 ipsas
1283 1445 1450 1476 causas
1470 1430 1681 1476 instituti

190 1499 252 1546 ad
286 1497 527 1561 liquidum
562 1496 833 1559 perducere
858 1494 1020 1551 velim,
1058 1494 1228 1551 multa,
1253 1510 1360 1557 quae
1399 1494 1682 1558 vulgaribus

191 1564 432 1612 erroribus
466 1561 798 1624 implicantur,
822 1559 885 1606 ad
917 1575 1084 1606 verum
1111 1559 1386 1607 revocanda
1410 1559 1529 1617 sint3
1569 1559 1679 1616 alia,

192 1645 301 1692 quae
324 1635 400 1675 tot
422 1627 656 1674 librorum
695 1625 921 1672 interitus
946 1625 1189 1681 obscurat,
1215 1624 1311 1672 alte
1346 1625 1568 1688 repetitis
1593 1624 1686 1671 his-

191 1693 358 1742 toricis
384 1691 681 1755 conjecturis
716 1689 1019 1746 illustranda,
1056 1690 1314 1752 omniaque
1351 1689 1688 1737 confirmanda

193 1758 446 1821 exemplis,
471 1757 533 1804 ad
569 1772 877 1804 communem
913 1754 1288 1818 intelligentiam
1326 1755 1544 1802 delectis.
1616 1755 1687 1803 Ut

193 1841 312 1872 vero
354 1822 528 1871 clarius
566 1828 813 1885 appareat,
851 1820 1024 1883 quibus
1071 1820 1375 1883 potissimum
1427 1821 1686 1884 praeceptis

192 1896 389 1953 regatur
434 1887 700 1934 Homerica
739 1885 1033 1941 emendatio,
1058 1886 1269 1933 maximo
1309 1885 1469 1933 studio
1505 1886 1556 1932 in
1581 1895 1674 1933 tra·

192 1954 347 2002 laticii
370 1961 535 2001 textus
572 1951 867 1999 mutationes
903 1950 1082 2013 inquiri
1119 1958 1330 2013 oportet,
1365 1951 1676 1998 recensendis

194 2019 411 2067 fontibus
437 2026 486 2065 et
509 2017 674 2064 rivulis
697 2033 880 2073 earum,
905 2017 986 2078 qui
1010 2014 1089 2063 vel
1106 2016 1221 2063 olim
1239 2024 1577 2074 manaverunt,
1603 2016 1682 2064 vel

196 2086 342 2133 etiam
365 2084 512 2131 hodie
535 2089 720 2146 patent.
793 2082 853 2128 In
876 2080 969 2128 hac
992 2080 1182 2128 infinita
1207 2082 1347 2145 copia
1370 2098 1530 2129 rerum
1555 2098 1687 2129 nunc

196 2167 255 2198 eo
278 2158 386 2197 utar
410 2155 814 2212 temperamento,
839 2155 896 2194 ut
918 2146 1199 2210 gravissima
1234 2163 1437 2210 quaeque
1462 2155 1512 2195 et
1534 2146 1687 2194 utilis-

196 2216 314 2262 sima
336 2214 503 2278 paucis
527 2229 778 2276 exsequar,
802 2229 895 2260 nec
919 2213 1096 2275 ipsum,
1119 2228 1264 2275 quem
1288 2213 1532 2276 ingressus
1557 2229 1681 2270 sum,

197 2297 409 2337 cursum,
426 2280 511 2327 sed
527 2287 769 2326 extremos
786 2285 976 2325 tantum
990 2276 1109 2324 fines
1134 2277 1235 2341 ejus
1253 2285 1303 2325 et
1326 2294 1559 2325 summam
1573 2294 1682 2341 pro-

196 2362 390 2410 ponam.
461 2344 619 2408 Igitur
655 2361 805 2406 quum
841 2342 1051 2406 vulgatae
1076 2344 1328 2407 scripturae
1354 2343 1688 2392 conditionem

198 2419 248 2459 et
267 2411 368 2474 ejus
392 2409 712 2457 reformandae
731 2409 1072 2456 necessitatem
1088 2410 1315 2472 attigero,
1339 2409 1514 2473 primas
1532 2408 1685 2455 lineas

196 2477 324 2524 dabo
339 2475 705 2539 disquisitionis,
729 2491 823 2537 qua
845 2490 932 2537 per
949 2490 1030 2521 sea*
1046 2481 1203 2521 oetates
1220 2474 1422 2538 disparis
1440 2473 1688 2521 intervalli

197 2550 247 2589 et
270 2542 455 2605 ingenii
475 2541 675 2588 interior
698 2540 899 2587 historia
923 2539 1094 2588 critica
1118 2540 1289 2587 horum
1316 2539 1597 2588 Carminum
1622 2539 1684 2586 ad

195 2614 413 2655 nostrum
436 2623 588 2669 usque
613 2614 805 2669 tempus
831 2605 1116 2653 deducatur.
1144 2606 1355 2652 Primam
1394 2612 1573 2652 oetatem
1601 2620 1688 2667 po-

199 2673 358 2720 nimus
377 2673 436 2720 ab
456 2672 637 2733 origine
660 2672 882 2734 ipsorum,
906 2670 953 2717 h.
981 2688 1023 2718 e.
1049 2679 1270 2734 tempore
1297 2670 1513 2718 cultioris
1535 2669 1694 2734 poesis

197 2739 391 2796 Ionum,
417 2737 639 2801 (circiter
654 2745 768 2784 ante
795 2736 911 2784 Chr.
939 2736 1078 2797 950.)
1103 2737 1164 2783 ad
1189 2736 1507 2793 Pisistratum,
1531 2744 1694 2800 tyran-

200 2821 318 2851 num
361 2802 735 2859 Atheniensem,
773 2801 850 2849 cui
869 2819 897 2848 a
919 2802 1165 2849 veteribus
1185 2801 1391 2849 duorum
1417 2817 1694 2864 corporum,

193 2886 301 2933 quae
319 2886 452 2918 nunc
476 2867 683 2928 obtinet,
709 2867 958 2932 dispositio
983 2866 1238 2928 tribuitur3
1277 2867 1345 2915 II.
1381 2885 1407 2915 e
1432 2867 1684 2916 Pisistrato
