<?xml version="1.0" encoding="UTF-8"?>
<!DOCTYPE html PUBLIC "-//W3C//DTD XHTML 1.0 Transitional//EN"
    "http://www.w3.org/TR/xhtml1/DTD/xhtml1-transitional.dtd">
<html xmlns="http://www.w3.org/1999/xhtml" xml:lang="en" lang="en">
 <head>
  <title>
</title>
<meta http-equiv="Content-Type" content="text/html;charset=utf-8" />
  <meta name='ocr-system' content='tesseract 3.04.00' />
  <meta name='ocr-capabilities' content='ocr_page ocr_carea ocr_par ocr_line ocrx_word'/>
</head>
<body>
  <div class='ocr_page' id='page_1' title='image "./operaomnia05home/operaomnia05home_0241.png"; bbox 0 0 1856 3235; ppageno 0'>
   <div class='ocr_carea' id='block_1_1' title="bbox 578 220 1621 271">
    <p class='ocr_par' dir='ltr' id='par_1_1' title="bbox 578 220 1621 271">
     <span class='ocr_line' id='line_1_1' title="bbox 578 220 1621 271; baseline 0.001 -1"><span class='ocrx_word' id='word_1_1' title='bbox 578 220 1133 270; x_wconf 86' lang='lat' dir='ltr'><strong>PROLEGOMENA.</strong></span> <span class='ocrx_word' id='word_1_2' title='bbox 1528 223 1621 271; x_wconf 78' lang='lat'>217</span> 
     </span>
    </p>
   </div>
   <div class='ocr_carea' id='block_1_2' title="bbox 119 350 1616 2120">
    <p class='ocr_par' dir='ltr' id='par_1_2' title="bbox 119 350 1616 2120">
     <span class='ocr_line' id='line_1_2' title="bbox 132 350 1612 416; baseline -0.001 -14"><span class='ocrx_word' id='word_1_3' title='bbox 132 355 419 411; x_wconf 90' lang='lat' dir='ltr'>necessario,</span> <span class='ocrx_word' id='word_1_4' title='bbox 456 352 524 400; x_wconf 90' lang='lat' dir='ltr'>illi</span> <span class='ocrx_word' id='word_1_5' title='bbox 561 353 771 400; x_wconf 88' lang='lat' dir='ltr'>universi</span> <span class='ocrx_word' id='word_1_6' title='bbox 808 352 966 415; x_wconf 90' lang='lat' dir='ltr'>operis</span> <span class='ocrx_word' id='word_1_7' title='bbox 995 350 1322 413; x_wconf 83' lang='lat' dir='ltr'>descriptioni,</span> <span class='ocrx_word' id='word_1_8' title='bbox 1359 351 1428 399; x_wconf 91' lang='lat' dir='ltr'>rei</span> <span class='ocrx_word' id='word_1_9' title='bbox 1451 367 1537 416; x_wconf 93' lang='lat' dir='ltr'>per</span> <span class='ocrx_word' id='word_1_10' title='bbox 1561 369 1612 401; x_wconf 91' lang='lat' dir='ltr'>se</span> 
     </span>
     <span class='ocr_line' id='line_1_3' title="bbox 130 417 1614 479; baseline -0.003 -10"><span class='ocrx_word' id='word_1_11' title='bbox 130 419 293 468; x_wconf 83' lang='lat' dir='ltr'><strong>forsan</strong></span> <span class='ocrx_word' id='word_1_12' title='bbox 318 436 414 467; x_wconf 91' lang='lat' dir='ltr'>non</span> <span class='ocrx_word' id='word_1_13' title='bbox 438 418 578 465; x_wconf 90' lang='lat' dir='ltr'>nimis</span> <span class='ocrx_word' id='word_1_14' title='bbox 602 418 778 473; x_wconf 84' lang='lat' dir='ltr'>arduae,</span> <span class='ocrx_word' id='word_1_15' title='bbox 815 418 1013 464; x_wconf 87' lang='lat' dir='ltr'>arduam</span> <span class='ocrx_word' id='word_1_16' title='bbox 1041 417 1249 463; x_wconf 82' lang='lat' dir='ltr'>maxime</span> <span class='ocrx_word' id='word_1_17' title='bbox 1275 425 1324 463; x_wconf 88' lang='lat' dir='ltr'>et</span> <span class='ocrx_word' id='word_1_18' title='bbox 1346 417 1488 479; x_wconf 87' lang='lat' dir='ltr'>plane</span> <span class='ocrx_word' id='word_1_19' title='bbox 1512 419 1614 466; x_wconf 89' lang='lat' dir='ltr'>ine-</span> 
     </span>
     <span class='ocr_line' id='line_1_4' title="bbox 129 481 1616 534; baseline -0.001 -2"><span class='ocrx_word' id='word_1_20' title='bbox 129 485 409 534; x_wconf 89' lang='lat' dir='ltr'>luctabilem</span> <span class='ocrx_word' id='word_1_21' title='bbox 433 484 529 531; x_wconf 89' lang='lat' dir='ltr'>vim</span> <span class='ocrx_word' id='word_1_22' title='bbox 565 491 750 530; x_wconf 87' lang='lat' dir='ltr'>naturae</span> <span class='ocrx_word' id='word_1_23' title='bbox 783 483 1038 530; x_wconf 89' lang='lat' dir='ltr'>obstitisse.</span> <span class='ocrx_word' id='word_1_24' title='bbox 1111 481 1203 527; x_wconf 89' lang='lat' dir='ltr'>His</span> <span class='ocrx_word' id='word_1_25' title='bbox 1239 482 1460 529; x_wconf 91' lang='lat' dir='ltr'>omnibus</span> <span class='ocrx_word' id='word_1_26' title='bbox 1495 483 1616 530; x_wconf 91' lang='lat' dir='ltr'>nihil</span> 
     </span>
     <span class='ocr_line' id='line_1_5' title="bbox 132 547 1613 611; baseline -0.001 -13"><span class='ocrx_word' id='word_1_27' title='bbox 132 551 401 599; x_wconf 90' lang='lat' dir='ltr'>detractum</span> <span class='ocrx_word' id='word_1_28' title='bbox 438 549 660 596; x_wconf 89' lang='lat' dir='ltr'>volumus</span> <span class='ocrx_word' id='word_1_29' title='bbox 701 549 925 596; x_wconf 84' lang='lat' dir='ltr'>sollertiae</span> <span class='ocrx_word' id='word_1_30' title='bbox 965 547 1101 603; x_wconf 87' lang='lat' dir='ltr'>vatis,</span> <span class='ocrx_word' id='word_1_31' title='bbox 1139 563 1245 610; x_wconf 85' lang='lat' dir='ltr'>quae</span> <span class='ocrx_word' id='word_1_32' title='bbox 1286 563 1429 610; x_wconf 90' lang='lat' dir='ltr'>quam</span> <span class='ocrx_word' id='word_1_33' title='bbox 1466 565 1613 611; x_wconf 89' lang='lat' dir='ltr'>parva</span> 
     </span>
     <span class='ocr_line' id='line_1_6' title="bbox 131 612 1612 678; baseline -0.001 -15"><span class='ocrx_word' id='word_1_34' title='bbox 131 616 332 663; x_wconf 89' lang='lat' dir='ltr'>sufficiat</span> <span class='ocrx_word' id='word_1_35' title='bbox 376 615 563 678; x_wconf 87' lang='lat' dir='ltr'>magnis</span> <span class='ocrx_word' id='word_1_36' title='bbox 608 614 948 669; x_wconf 88' lang='lat' dir='ltr'>voluminibus,</span> <span class='ocrx_word' id='word_1_37' title='bbox 996 612 1260 660; x_wconf 83' lang='lat' dir='ltr'>innumeris</span> <span class='ocrx_word' id='word_1_38' title='bbox 1307 612 1612 661; x_wconf 83' lang='lat' dir='ltr'>documentis</span> 
     </span>
     <span class='ocr_line' id='line_1_7' title="bbox 132 677 1612 742; baseline -0.003 -14"><span class='ocrx_word' id='word_1_39' title='bbox 132 688 345 738; x_wconf 82' lang='lat' dir='ltr'>constat3</span> <span class='ocrx_word' id='word_1_40' title='bbox 384 680 469 728; x_wconf 86' lang='lat' dir='ltr'>sed</span> <span class='ocrx_word' id='word_1_41' title='bbox 494 681 816 727; x_wconf 89' lang='lat' dir='ltr'>necessarium</span> <span class='ocrx_word' id='word_1_42' title='bbox 841 679 988 726; x_wconf 88' lang='lat' dir='ltr'>fuisse</span> <span class='ocrx_word' id='word_1_43' title='bbox 1012 678 1158 726; x_wconf 88' lang='lat' dir='ltr'>tantis</span> <span class='ocrx_word' id='word_1_44' title='bbox 1194 677 1419 741; x_wconf 88' lang='lat' dir='ltr'>operibus</span> <span class='ocrx_word' id='word_1_45' title='bbox 1456 678 1612 742; x_wconf 89' lang='lat' dir='ltr'>desig-</span> 
     </span>
     <span class='ocr_line' id='line_1_8' title="bbox 129 743 1612 802; baseline -0.003 -9"><span class='ocrx_word' id='word_1_46' title='bbox 129 745 300 793; x_wconf 90' lang='lat' dir='ltr'>nandis</span> <span class='ocrx_word' id='word_1_47' title='bbox 347 746 687 802; x_wconf 82' lang='lat' dir='ltr'>contendimus</span> <span class='ocrx_word' id='word_1_48' title='bbox 735 744 1054 791; x_wconf 89' lang='lat' dir='ltr'>ministerium</span> <span class='ocrx_word' id='word_1_49' title='bbox 1089 760 1319 790; x_wconf 88' lang='lat' dir='ltr'>manuum</span> <span class='ocrx_word' id='word_1_50' title='bbox 1348 750 1404 790; x_wconf 91' lang='lat' dir='ltr'>et</span> <span class='ocrx_word' id='word_1_51' title='bbox 1437 743 1612 790; x_wconf 91' lang='lat' dir='ltr'>instru-</span> 
     </span>
     <span class='ocr_line' id='line_1_9' title="bbox 124 809 1610 874; baseline -0.001 -16"><span class='ocrx_word' id='word_1_52' title='bbox 124 818 303 867; x_wconf 87' lang='lat' dir='ltr'>menta,</span> <span class='ocrx_word' id='word_1_53' title='bbox 338 812 510 874; x_wconf 88' lang='lat' dir='ltr'>quibus</span> <span class='ocrx_word' id='word_1_54' title='bbox 546 811 627 858; x_wconf 88' lang='lat' dir='ltr'>illa</span> <span class='ocrx_word' id='word_1_55' title='bbox 666 818 834 859; x_wconf 85' lang='lat' dir='ltr'>notata</span> <span class='ocrx_word' id='word_1_56' title='bbox 874 809 1034 872; x_wconf 88' lang='lat' dir='ltr'>aliquo</span> <span class='ocrx_word' id='word_1_57' title='bbox 1071 810 1230 865; x_wconf 91' lang='lat' dir='ltr'>modo,</span> <span class='ocrx_word' id='word_1_58' title='bbox 1269 809 1430 855; x_wconf 90' lang='lat' dir='ltr'>statim</span> <span class='ocrx_word' id='word_1_59' title='bbox 1458 809 1610 872; x_wconf 90' lang='lat' dir='ltr'>vulgo</span> 
     </span>
     <span class='ocr_line' id='line_1_10' title="bbox 127 874 1614 940; baseline -0.001 -16"><span class='ocrx_word' id='word_1_60' title='bbox 127 884 211 924; x_wconf 90' lang='lat' dir='ltr'>aut</span> <span class='ocrx_word' id='word_1_61' title='bbox 235 876 404 924; x_wconf 89' lang='lat' dir='ltr'>saltem</span> <span class='ocrx_word' id='word_1_62' title='bbox 426 877 593 940; x_wconf 85' lang='lat' dir='ltr'>paucis</span> <span class='ocrx_word' id='word_1_63' title='bbox 616 875 928 923; x_wconf 85' lang='lat' dir='ltr'>familiaribus</span> <span class='ocrx_word' id='word_1_64' title='bbox 951 876 1142 938; x_wconf 87' lang='lat' dir='ltr'>integra</span> <span class='ocrx_word' id='word_1_65' title='bbox 1165 874 1482 921; x_wconf 85' lang='lat' dir='ltr'>traderentur.</span> <span class='ocrx_word' id='word_1_66' title='bbox 1553 875 1614 922; x_wconf 89' lang='lat' dir='ltr'>Id</span> 
     </span>
     <span class='ocr_line' id='line_1_11' title="bbox 131 940 1611 1005; baseline -0.001 -16"><span class='ocrx_word' id='word_1_67' title='bbox 131 941 376 989; x_wconf 89' lang='lat' dir='ltr'>Homerus</span> <span class='ocrx_word' id='word_1_68' title='bbox 412 942 602 989; x_wconf 87' lang='lat' dir='ltr'>efficere</span> <span class='ocrx_word' id='word_1_69' title='bbox 627 958 723 988; x_wconf 92' lang='lat' dir='ltr'>non</span> <span class='ocrx_word' id='word_1_70' title='bbox 764 941 1002 1005; x_wconf 88' lang='lat' dir='ltr'>potuisset</span> <span class='ocrx_word' id='word_1_71' title='bbox 1042 943 1192 987; x_wconf 80' lang='lat' dir='ltr'>decem</span> <span class='ocrx_word' id='word_1_72' title='bbox 1233 940 1420 1001; x_wconf 78' lang='lat' dir='ltr'>linguis,</span> <span class='ocrx_word' id='word_1_73' title='bbox 1435 942 1611 1000; x_wconf 64' lang='lat' dir='ltr'>ferrea</span> 
     </span>
     <span class='ocr_line' id='line_1_12' title="bbox 125 1005 1611 1070; baseline -0.001 -16"><span class='ocrx_word' id='word_1_74' title='bbox 125 1022 233 1056; x_wconf 82' lang='lat' dir='ltr'>voce</span> <span class='ocrx_word' id='word_1_75' title='bbox 257 1016 307 1055; x_wconf 91' lang='lat' dir='ltr'>et</span> <span class='ocrx_word' id='word_1_76' title='bbox 328 1008 467 1055; x_wconf 70' lang='lat' dir='ltr'>aeneis</span> <span class='ocrx_word' id='word_1_77' title='bbox 504 1009 770 1065; x_wconf 74' lang='lat' dir='ltr'>lateribus³;</span> <span class='ocrx_word' id='word_1_78' title='bbox 808 1007 888 1054; x_wconf 90' lang='lat' dir='ltr'>hic</span> <span class='ocrx_word' id='word_1_79' title='bbox 933 1006 1023 1070; x_wconf 90' lang='lat' dir='ltr'>ipsi</span> <span class='ocrx_word' id='word_1_80' title='bbox 1051 1005 1307 1069; x_wconf 83' lang='lat' dir='ltr'>graphium</span> <span class='ocrx_word' id='word_1_81' title='bbox 1347 1022 1467 1069; x_wconf 90' lang='lat' dir='ltr'>opus</span> <span class='ocrx_word' id='word_1_82' title='bbox 1509 1014 1611 1052; x_wconf 86' lang='lat' dir='ltr'>erat</span> 
     </span>
     <span class='ocr_line' id='line_1_13' title="bbox 121 1071 1610 1137; baseline -0.003 -16"><span class='ocrx_word' id='word_1_83' title='bbox 121 1080 177 1121; x_wconf 85' lang='lat' dir='ltr'>et</span> <span class='ocrx_word' id='word_1_84' title='bbox 199 1073 390 1121; x_wconf 84' lang='lat' dir='ltr'>tabulae.</span> <span class='ocrx_word' id='word_1_85' title='bbox 462 1073 623 1130; x_wconf 81' lang='lat' dir='ltr'>Quid?</span> <span class='ocrx_word' id='word_1_86' title='bbox 657 1073 803 1137; x_wconf 89' lang='lat' dir='ltr'>quod,</span> <span class='ocrx_word' id='word_1_87' title='bbox 847 1072 886 1119; x_wconf 92' lang='lat' dir='ltr'>si</span> <span class='ocrx_word' id='word_1_88' title='bbox 908 1071 1035 1119; x_wconf 84' lang='lat' dir='ltr'>forte</span> <span class='ocrx_word' id='word_1_89' title='bbox 1060 1071 1132 1118; x_wconf 92' lang='lat' dir='ltr'>his</span> <span class='ocrx_word' id='word_1_90' title='bbox 1168 1071 1447 1127; x_wconf 86' lang='lat' dir='ltr'>instructus,</span> <span class='ocrx_word' id='word_1_91' title='bbox 1485 1087 1610 1118; x_wconf 91' lang='lat' dir='ltr'>unus</span> 
     </span>
     <span class='ocr_line' id='line_1_14' title="bbox 124 1136 1610 1202; baseline -0.002 -16"><span class='ocrx_word' id='word_1_92' title='bbox 124 1139 175 1186; x_wconf 91' lang='lat' dir='ltr'>in</span> <span class='ocrx_word' id='word_1_93' title='bbox 199 1139 377 1186; x_wconf 84' lang='lat' dir='ltr'>saeculo</span> <span class='ocrx_word' id='word_1_94' title='bbox 401 1156 502 1195; x_wconf 90' lang='lat' dir='ltr'>suo,</span> <span class='ocrx_word' id='word_1_95' title='bbox 543 1139 696 1186; x_wconf 90' lang='lat' dir='ltr'>lliada</span> <span class='ocrx_word' id='word_1_96' title='bbox 719 1146 768 1185; x_wconf 88' lang='lat' dir='ltr'>et</span> <span class='ocrx_word' id='word_1_97' title='bbox 794 1137 1062 1202; x_wconf 88' lang='lat' dir='ltr'>Odysseam</span> <span class='ocrx_word' id='word_1_98' title='bbox 1099 1136 1193 1184; x_wconf 90' lang='lat' dir='ltr'>hoc</span> <span class='ocrx_word' id='word_1_99' title='bbox 1222 1144 1394 1184; x_wconf 84' lang='lat' dir='ltr'>tenore</span> <span class='ocrx_word' id='word_1_100' title='bbox 1417 1144 1610 1201; x_wconf 85' lang='lat' dir='ltr'>pertex-</span> 
     </span>
     <span class='ocr_line' id='line_1_15' title="bbox 123 1201 1611 1267; baseline -0.001 -16"><span class='ocrx_word' id='word_1_101' title='bbox 123 1204 290 1260; x_wconf 90' lang='lat' dir='ltr'>uisset‚</span> <span class='ocrx_word' id='word_1_102' title='bbox 326 1204 376 1251; x_wconf 92' lang='lat' dir='ltr'>in</span> <span class='ocrx_word' id='word_1_103' title='bbox 425 1212 708 1252; x_wconf 85' lang='lat' dir='ltr'>caeterarum</span> <span class='ocrx_word' id='word_1_104' title='bbox 743 1203 1161 1267; x_wconf 88' lang='lat' dir='ltr'>opportunitatum</span> <span class='ocrx_word' id='word_1_105' title='bbox 1196 1201 1399 1266; x_wconf 91' lang='lat' dir='ltr'>penuria</span> <span class='ocrx_word' id='word_1_106' title='bbox 1433 1202 1611 1250; x_wconf 89' lang='lat' dir='ltr'>similes</span> 
     </span>
     <span class='ocr_line' id='line_1_16' title="bbox 122 1267 1611 1333; baseline -0.001 -17"><span class='ocrx_word' id='word_1_107' title='bbox 122 1269 218 1317; x_wconf 87' lang='lat' dir='ltr'>illae</span> <span class='ocrx_word' id='word_1_108' title='bbox 252 1269 456 1318; x_wconf 90' lang='lat' dir='ltr'>fuissent</span> <span class='ocrx_word' id='word_1_109' title='bbox 480 1270 669 1333; x_wconf 85' lang='lat' dir='ltr'>ingenti</span> <span class='ocrx_word' id='word_1_110' title='bbox 693 1269 903 1332; x_wconf 88' lang='lat' dir='ltr'>navigio,</span> <span class='ocrx_word' id='word_1_111' title='bbox 941 1268 1073 1332; x_wconf 90' lang='lat' dir='ltr'>quod</span> <span class='ocrx_word' id='word_1_112' title='bbox 1097 1267 1202 1331; x_wconf 91' lang='lat' dir='ltr'>quis</span> <span class='ocrx_word' id='word_1_113' title='bbox 1226 1267 1276 1313; x_wconf 92' lang='lat' dir='ltr'>in</span> <span class='ocrx_word' id='word_1_114' title='bbox 1300 1268 1454 1331; x_wconf 83' lang='lat' dir='ltr'>prima</span> <span class='ocrx_word' id='word_1_115' title='bbox 1481 1267 1611 1314; x_wconf 90' lang='lat' dir='ltr'>rudi-</span> 
     </span>
     <span class='ocr_line' id='line_1_17' title="bbox 124 1333 1607 1399; baseline -0.001 -17"><span class='ocrx_word' id='word_1_116' title='bbox 124 1343 226 1383; x_wconf 86' lang='lat' dir='ltr'>tate</span> <span class='ocrx_word' id='word_1_117' title='bbox 272 1335 592 1399; x_wconf 85' lang='lat' dir='ltr'>navigationis</span> <span class='ocrx_word' id='word_1_118' title='bbox 637 1334 898 1382; x_wconf 89' lang='lat' dir='ltr'>fabricatus</span> <span class='ocrx_word' id='word_1_119' title='bbox 955 1335 1005 1380; x_wconf 91' lang='lat' dir='ltr'>in</span> <span class='ocrx_word' id='word_1_120' title='bbox 1063 1333 1174 1381; x_wconf 91' lang='lat' dir='ltr'>loco</span> <span class='ocrx_word' id='word_1_121' title='bbox 1235 1333 1607 1389; x_wconf 88' lang='lat' dir='ltr'>mediterraneo,</span> 
     </span>
     <span class='ocr_line' id='line_1_18' title="bbox 124 1398 1610 1464; baseline -0.001 -17"><span class='ocrx_word' id='word_1_122' title='bbox 124 1401 357 1448; x_wconf 90' lang='lat' dir='ltr'>machinis</span> <span class='ocrx_word' id='word_1_123' title='bbox 400 1409 449 1449; x_wconf 88' lang='lat' dir='ltr'>et</span> <span class='ocrx_word' id='word_1_124' title='bbox 487 1400 738 1464; x_wconf 87' lang='lat' dir='ltr'>phalangis</span> <span class='ocrx_word' id='word_1_125' title='bbox 773 1400 834 1447; x_wconf 83' lang='lat' dir='ltr'>ad</span> <span class='ocrx_word' id='word_1_126' title='bbox 873 1398 1275 1463; x_wconf 90' lang='lat' dir='ltr'>protrudendum,</span> <span class='ocrx_word' id='word_1_127' title='bbox 1313 1407 1458 1462; x_wconf 89' lang='lat' dir='ltr'>atque</span> <span class='ocrx_word' id='word_1_128' title='bbox 1487 1399 1610 1446; x_wconf 87' lang='lat' dir='ltr'>adeo</span> 
     </span>
     <span class='ocr_line' id='line_1_19' title="bbox 124 1464 1606 1529; baseline -0.001 -17"><span class='ocrx_word' id='word_1_129' title='bbox 124 1467 243 1513; x_wconf 91' lang='lat' dir='ltr'>mari</span> <span class='ocrx_word' id='word_1_130' title='bbox 269 1474 469 1523; x_wconf 84' lang='lat' dir='ltr'>careret,</span> <span class='ocrx_word' id='word_1_131' title='bbox 506 1467 556 1512; x_wconf 87' lang='lat' dir='ltr'>in</span> <span class='ocrx_word' id='word_1_132' title='bbox 582 1482 677 1529; x_wconf 92' lang='lat' dir='ltr'>quo</span> <span class='ocrx_word' id='word_1_133' title='bbox 702 1465 1088 1529; x_wconf 84' lang='lat' dir='ltr'>experimentum</span> <span class='ocrx_word' id='word_1_134' title='bbox 1114 1480 1212 1511; x_wconf 86' lang='lat' dir='ltr'>suae</span> <span class='ocrx_word' id='word_1_135' title='bbox 1246 1464 1360 1511; x_wconf 89' lang='lat' dir='ltr'>artis</span> <span class='ocrx_word' id='word_1_136' title='bbox 1397 1474 1606 1528; x_wconf 85' lang='lat' dir='ltr'>caperet.</span> 
     </span>
     <span class='ocr_line' id='line_1_20' title="bbox 125 1529 1610 1594; baseline -0.001 -15"><span class='ocrx_word' id='word_1_137' title='bbox 125 1532 240 1580; x_wconf 90' lang='lat' dir='ltr'>Non</span> <span class='ocrx_word' id='word_1_138' title='bbox 277 1533 680 1587; x_wconf 87' lang='lat' dir='ltr'>commemorabo,</span> <span class='ocrx_word' id='word_1_139' title='bbox 718 1547 861 1594; x_wconf 88' lang='lat' dir='ltr'>quam</span> <span class='ocrx_word' id='word_1_140' title='bbox 886 1538 998 1594; x_wconf 89' lang='lat' dir='ltr'>apte</span> <span class='ocrx_word' id='word_1_141' title='bbox 1033 1530 1129 1577; x_wconf 89' lang='lat' dir='ltr'>sint</span> <span class='ocrx_word' id='word_1_142' title='bbox 1163 1530 1213 1575; x_wconf 90' lang='lat' dir='ltr'>in</span> <span class='ocrx_word' id='word_1_143' title='bbox 1254 1530 1436 1577; x_wconf 87' lang='lat' dir='ltr'>artibus</span> <span class='ocrx_word' id='word_1_144' title='bbox 1474 1529 1610 1578; x_wconf 80' lang='lat' dir='ltr'>Grae-</span> 
     </span>
     <span class='ocr_line' id='line_1_21' title="bbox 125 1595 1611 1660; baseline -0.001 -16"><span class='ocrx_word' id='word_1_145' title='bbox 125 1614 291 1645; x_wconf 91' lang='lat' dir='ltr'>corum</span> <span class='ocrx_word' id='word_1_146' title='bbox 317 1614 482 1644; x_wconf 89' lang='lat' dir='ltr'>omnes</span> <span class='ocrx_word' id='word_1_147' title='bbox 506 1597 684 1660; x_wconf 90' lang='lat' dir='ltr'>gradus</span> <span class='ocrx_word' id='word_1_148' title='bbox 709 1604 759 1643; x_wconf 88' lang='lat' dir='ltr'>et</span> <span class='ocrx_word' id='word_1_149' title='bbox 784 1612 1034 1643; x_wconf 80' lang='lat' dir='ltr'>successus</span> <span class='ocrx_word' id='word_1_150' title='bbox 1058 1595 1173 1642; x_wconf 86' lang='lat' dir='ltr'>nexi</span> <span class='ocrx_word' id='word_1_151' title='bbox 1197 1595 1324 1642; x_wconf 86' lang='lat' dir='ltr'>inter</span> <span class='ocrx_word' id='word_1_152' title='bbox 1359 1611 1409 1642; x_wconf 91' lang='lat' dir='ltr'>se</span> <span class='ocrx_word' id='word_1_153' title='bbox 1446 1603 1495 1643; x_wconf 93' lang='lat' dir='ltr'>et</span> <span class='ocrx_word' id='word_1_154' title='bbox 1531 1595 1611 1642; x_wconf 89' lang='lat' dir='ltr'>alii</span> 
     </span>
     <span class='ocr_line' id='line_1_22' title="bbox 123 1660 1609 1726; baseline -0.002 -16"><span class='ocrx_word' id='word_1_155' title='bbox 123 1662 224 1710; x_wconf 88' lang='lat' dir='ltr'>aliis</span> <span class='ocrx_word' id='word_1_156' title='bbox 248 1663 539 1726; x_wconf 84' lang='lat' dir='ltr'>praemuniti,</span> <span class='ocrx_word' id='word_1_157' title='bbox 576 1669 646 1718; x_wconf 90' lang='lat' dir='ltr'>ut,</span> <span class='ocrx_word' id='word_1_158' title='bbox 675 1679 762 1709; x_wconf 89' lang='lat' dir='ltr'>cur</span> <span class='ocrx_word' id='word_1_159' title='bbox 786 1661 988 1725; x_wconf 89' lang='lat' dir='ltr'>quisque</span> <span class='ocrx_word' id='word_1_160' title='bbox 1014 1668 1242 1724; x_wconf 86' lang='lat' dir='ltr'>sequatur</span> <span class='ocrx_word' id='word_1_161' title='bbox 1267 1660 1513 1724; x_wconf 81' lang='lat' dir='ltr'>deincePS‚</span> <span class='ocrx_word' id='word_1_162' title='bbox 1548 1677 1609 1709; x_wconf 87' lang='lat' dir='ltr'>ex</span> 
     </span>
     <span class='ocr_line' id='line_1_23' title="bbox 122 1725 1609 1792; baseline -0.002 -16"><span class='ocrx_word' id='word_1_163' title='bbox 122 1728 368 1792; x_wconf 88' lang='lat' dir='ltr'>superiore</span> <span class='ocrx_word' id='word_1_164' title='bbox 393 1728 470 1775; x_wconf 90' lang='lat' dir='ltr'>via</span> <span class='ocrx_word' id='word_1_165' title='bbox 510 1735 560 1775; x_wconf 94' lang='lat' dir='ltr'>et</span> <span class='ocrx_word' id='word_1_166' title='bbox 599 1728 933 1775; x_wconf 87' lang='lat' dir='ltr'>antecessione</span> <span class='ocrx_word' id='word_1_167' title='bbox 969 1742 1221 1774; x_wconf 90' lang='lat' dir='ltr'>causarum</span> <span class='ocrx_word' id='word_1_168' title='bbox 1256 1725 1465 1790; x_wconf 85' lang='lat' dir='ltr'>intelligi</span> <span class='ocrx_word' id='word_1_169' title='bbox 1501 1743 1609 1790; x_wconf 92' lang='lat' dir='ltr'>pos-</span> 
     </span>
     <span class='ocr_line' id='line_1_24' title="bbox 125 1791 1609 1858; baseline -0.002 -16"><span class='ocrx_word' id='word_1_170' title='bbox 125 1795 200 1842; x_wconf 90' lang='lat' dir='ltr'>sit.</span> <span class='ocrx_word' id='word_1_171' title='bbox 271 1793 497 1858; x_wconf 89' lang='lat' dir='ltr'>Exempli</span> <span class='ocrx_word' id='word_1_172' title='bbox 520 1794 688 1857; x_wconf 85' lang='lat' dir='ltr'>gratia,</span> <span class='ocrx_word' id='word_1_173' title='bbox 725 1809 934 1856; x_wconf 89' lang='lat' dir='ltr'>pronum</span> <span class='ocrx_word' id='word_1_174' title='bbox 957 1791 1051 1840; x_wconf 83' lang='lat' dir='ltr'>fuit</span> <span class='ocrx_word' id='word_1_175' title='bbox 1075 1791 1272 1856; x_wconf 88' lang='lat' dir='ltr'>ingenio</span> <span class='ocrx_word' id='word_1_176' title='bbox 1315 1791 1509 1848; x_wconf 84' lang='lat' dir='ltr'>Graeco,</span> <span class='ocrx_word' id='word_1_177' title='bbox 1548 1809 1609 1840; x_wconf 86' lang='lat' dir='ltr'>ex</span> 
     </span>
     <span class='ocr_line' id='line_1_25' title="bbox 125 1856 1607 1924; baseline -0.001 -17"><span class='ocrx_word' id='word_1_178' title='bbox 125 1860 275 1924; x_wconf 90' lang='lat' dir='ltr'>epicis</span> <span class='ocrx_word' id='word_1_179' title='bbox 299 1861 458 1913; x_wconf 71' lang='grc' dir='ltr'><em>ἀοιδαῖς</em></span> <span class='ocrx_word' id='word_1_180' title='bbox 481 1859 714 1907; x_wconf 88' lang='lat' dir='ltr'>mutanda</span> <span class='ocrx_word' id='word_1_181' title='bbox 747 1858 903 1905; x_wconf 89' lang='lat' dir='ltr'>forma</span> <span class='ocrx_word' id='word_1_182' title='bbox 930 1875 1087 1906; x_wconf 89' lang='lat' dir='ltr'>serere</span> <span class='ocrx_word' id='word_1_183' title='bbox 1111 1857 1354 1905; x_wconf 88' lang='lat' dir='ltr'>scenicam</span> <span class='ocrx_word' id='word_1_184' title='bbox 1378 1856 1607 1914; x_wconf 87' lang='lat' dir='ltr'>fabulam,</span> 
     </span>
     <span class='ocr_line' id='line_1_26' title="bbox 123 1922 1609 1989; baseline -0.002 -15"><span class='ocrx_word' id='word_1_185' title='bbox 123 1933 174 1974; x_wconf 90' lang='lat' dir='ltr'>et</span> <span class='ocrx_word' id='word_1_186' title='bbox 196 1924 390 1974; x_wconf 89' lang='lat' dir='ltr'>fastidio</span> <span class='ocrx_word' id='word_1_187' title='bbox 415 1925 639 1989; x_wconf 88' lang='lat' dir='ltr'>quodam,</span> <span class='ocrx_word' id='word_1_188' title='bbox 677 1932 733 1972; x_wconf 90' lang='lat' dir='ltr'>ut</span> <span class='ocrx_word' id='word_1_189' title='bbox 755 1924 824 1980; x_wconf 90' lang='lat' dir='ltr'>fit,</span> <span class='ocrx_word' id='word_1_190' title='bbox 863 1923 1078 1987; x_wconf 82' lang='lat' dir='ltr'>ejusdem</span> <span class='ocrx_word' id='word_1_191' title='bbox 1104 1922 1360 1971; x_wconf 85' lang='lat' dir='ltr'>cantilenae</span> <span class='ocrx_word' id='word_1_192' title='bbox 1392 1939 1462 1979; x_wconf 87' lang='lat' dir='ltr'>ea,</span> <span class='ocrx_word' id='word_1_193' title='bbox 1501 1940 1609 1987; x_wconf 87' lang='lat' dir='ltr'>quae</span> 
     </span>
     <span class='ocr_line' id='line_1_27' title="bbox 119 1988 1609 2053; baseline -0.001 -15"><span class='ocrx_word' id='word_1_194' title='bbox 119 1991 171 2038; x_wconf 92' lang='lat' dir='ltr'>in</span> <span class='ocrx_word' id='word_1_195' title='bbox 201 1990 294 2038; x_wconf 92' lang='lat' dir='ltr'>illis</span> <span class='ocrx_word' id='word_1_196' title='bbox 317 1999 507 2038; x_wconf 89' lang='lat' dir='ltr'>narrata</span> <span class='ocrx_word' id='word_1_197' title='bbox 534 1998 685 2046; x_wconf 88' lang='lat' dir='ltr'>erant,</span> <span class='ocrx_word' id='word_1_198' title='bbox 722 1990 938 2053; x_wconf 89' lang='lat' dir='ltr'>personis</span> <span class='ocrx_word' id='word_1_199' title='bbox 964 1989 1170 2036; x_wconf 90' lang='lat' dir='ltr'>dicenda</span> <span class='ocrx_word' id='word_1_200' title='bbox 1202 1988 1330 2044; x_wconf 90' lang='lat' dir='ltr'>dare,</span> <span class='ocrx_word' id='word_1_201' title='bbox 1370 1989 1503 2052; x_wconf 88' lang='lat' dir='ltr'>quasi</span> <span class='ocrx_word' id='word_1_202' title='bbox 1528 2006 1609 2036; x_wconf 88' lang='lat' dir='ltr'>an-</span> 
     </span>
     <span class='ocr_line' id='line_1_28' title="bbox 121 2053 1607 2120; baseline -0.001 -16"><span class='ocrx_word' id='word_1_203' title='bbox 121 2064 173 2104; x_wconf 92' lang='lat' dir='ltr'>te</span> <span class='ocrx_word' id='word_1_204' title='bbox 196 2056 363 2105; x_wconf 91' lang='lat' dir='ltr'>oculos</span> <span class='ocrx_word' id='word_1_205' title='bbox 387 2064 669 2120; x_wconf 87' lang='lat' dir='ltr'>agerentur:</span> <span class='ocrx_word' id='word_1_206' title='bbox 707 2055 830 2104; x_wconf 88' lang='lat' dir='ltr'>illud</span> <span class='ocrx_word' id='word_1_207' title='bbox 853 2054 1032 2103; x_wconf 89' lang='lat' dir='ltr'>nullius</span> <span class='ocrx_word' id='word_1_208' title='bbox 1057 2054 1262 2103; x_wconf 90' lang='lat' dir='ltr'>nationis</span> <span class='ocrx_word' id='word_1_209' title='bbox 1286 2054 1485 2118; x_wconf 87' lang='lat' dir='ltr'>ingenio</span> <span class='ocrx_word' id='word_1_210' title='bbox 1509 2053 1607 2103; x_wconf 88' lang='lat' dir='ltr'>fac-</span> 
     </span>
    </p>
   </div>
   <div class='ocr_carea' id='block_1_3' title="bbox 120 2202 1616 2926">
    <p class='ocr_par' dir='ltr' id='par_1_3' title="bbox 120 2202 1616 2926">
     <span class='ocr_line' id='line_1_29' title="bbox 120 2202 1612 2245; baseline 0 -13"><span class='ocrx_word' id='word_1_211' title='bbox 120 2202 330 2233; x_wconf 77' lang='lat' dir='ltr'>semittebam.</span> <span class='ocrx_word' id='word_1_212' title='bbox 375 2203 524 2235; x_wconf 71' lang='lat' dir='ltr'>Similiter</span> <span class='ocrx_word' id='word_1_213' title='bbox 539 2204 755 2245; x_wconf 83' lang='lat' dir='ltr'>Twiningius:</span> <span class='ocrx_word' id='word_1_214' title='bbox 780 2206 844 2237; x_wconf 84' lang='lat' dir='ltr'>For</span> <span class='ocrx_word' id='word_1_215' title='bbox 858 2216 877 2234; x_wconf 86' lang='lat' dir='ltr'>a</span> <span class='ocrx_word' id='word_1_216' title='bbox 893 2215 1002 2244; x_wconf 82' lang='lat' dir='ltr'>wager,</span> <span class='ocrx_word' id='word_1_217' title='bbox 1019 2205 1136 2238; x_wconf 80' lang='lat' dir='ltr'>indeed,</span> <span class='ocrx_word' id='word_1_218' title='bbox 1159 2205 1182 2234; x_wconf 90' lang='lat' dir='ltr'><strong><em>I</em></strong></span> <span class='ocrx_word' id='word_1_219' title='bbox 1194 2205 1255 2234; x_wconf 78' lang='lat' dir='ltr'><em>wilc</em></span> <span class='ocrx_word' id='word_1_220' title='bbox 1269 2209 1320 2234; x_wconf 79' lang='lat' dir='ltr'>not</span> <span class='ocrx_word' id='word_1_221' title='bbox 1342 2214 1397 2244; x_wconf 84' lang='lat' dir='ltr'>say</span> <span class='ocrx_word' id='word_1_222' title='bbox 1413 2205 1492 2234; x_wconf 76' lang='lat' dir='ltr'>what</span> <span class='ocrx_word' id='word_1_223' title='bbox 1515 2203 1612 2241; x_wconf 77' lang='lat' dir='ltr'>might</span> 
     </span>
     <span class='ocr_line' id='line_1_30' title="bbox 121 2245 1611 2286; baseline -0.001 -10"><span class='ocrx_word' id='word_1_224' title='bbox 121 2246 155 2276; x_wconf 82' lang='lat' dir='ltr'>be</span> <span class='ocrx_word' id='word_1_225' title='bbox 166 2248 250 2281; x_wconf 85' lang='lat' dir='ltr'>done,</span> <span class='ocrx_word' id='word_1_226' title='bbox 267 2246 300 2286; x_wconf 60' lang='lat' dir='ltr'>{f</span> <span class='ocrx_word' id='word_1_227' title='bbox 308 2257 350 2277; x_wconf 77' lang='lat' dir='ltr'>we</span> <span class='ocrx_word' id='word_1_228' title='bbox 362 2248 423 2277; x_wconf 78' lang='lat' dir='ltr'>had</span> <span class='ocrx_word' id='word_1_229' title='bbox 438 2250 567 2285; x_wconf 69' lang='lat' dir='ltr'>reading</span> <span class='ocrx_word' id='word_1_230' title='bbox 584 2259 666 2279; x_wconf 84' lang='lat' dir='ltr'>races</span> <span class='ocrx_word' id='word_1_231' title='bbox 679 2256 711 2279; x_wconf 86' lang='grc' dir='ltr'>αι</span> <span class='ocrx_word' id='word_1_232' title='bbox 729 2249 934 2279; x_wconf 77' lang='lat' dir='ltr'>Newmarlcee.</span> <span class='ocrx_word' id='word_1_233' title='bbox 983 2248 1054 2277; x_wconf 80' lang='lat' dir='ltr'>Not.</span> <span class='ocrx_word' id='word_1_234' title='bbox 1077 2257 1105 2286; x_wconf 89' lang='lat' dir='ltr'>p.</span> <span class='ocrx_word' id='word_1_235' title='bbox 1124 2249 1195 2277; x_wconf 69' lang='lat'>478,</span> <span class='ocrx_word' id='word_1_236' title='bbox 1241 2247 1286 2276; x_wconf 86' lang='lat' dir='ltr'>At</span> <span class='ocrx_word' id='word_1_237' title='bbox 1299 2247 1325 2276; x_wconf 88' lang='lat' dir='ltr'>si</span> <span class='ocrx_word' id='word_1_238' title='bbox 1341 2247 1391 2276; x_wconf 86' lang='lat' dir='ltr'>liic</span> <span class='ocrx_word' id='word_1_239' title='bbox 1414 2245 1611 2276; x_wconf 68' lang='lat' dir='ltr'>doctissimus</span> 
     </span>
     <span class='ocr_line' id='line_1_31' title="bbox 124 2288 1611 2328; baseline -0.001 -10"><span class='ocrx_word' id='word_1_240' title='bbox 124 2288 170 2318; x_wconf 85' lang='lat' dir='ltr'>vir</span> <span class='ocrx_word' id='word_1_241' title='bbox 184 2288 290 2319; x_wconf 91' lang='lat' dir='ltr'>locum</span> <span class='ocrx_word' id='word_1_242' title='bbox 308 2290 484 2320; x_wconf 83' lang='lat' dir='ltr'>Aristotelis</span> <span class='ocrx_word' id='word_1_243' title='bbox 499 2290 572 2321; x_wconf 84' lang='lat' dir='ltr'>inde</span> <span class='ocrx_word' id='word_1_244' title='bbox 588 2301 607 2321; x_wconf 91' lang='lat' dir='ltr'>a</span> <span class='ocrx_word' id='word_1_245' title='bbox 621 2291 727 2327; x_wconf 82' lang='lat' dir='ltr'>verbis,</span> <span class='ocrx_word' id='word_1_246' title='bbox 747 2292 798 2324; x_wconf 68' lang='grc' dir='ltr'>Εἵω</span> <span class='ocrx_word' id='word_1_247' title='bbox 815 2291 837 2321; x_wconf 77' lang='grc' dir='ltr'>δ’</span> <span class='ocrx_word' id='word_1_248' title='bbox 853 2291 887 2321; x_wconf 69' lang='grc' dir='ltr'>ἂν</span> <span class='ocrx_word' id='word_1_249' title='bbox 897 2291 988 2325; x_wconf 73' lang='grc' dir='ltr'><strong><em>τοῦτο,</em></strong></span> <span class='ocrx_word' id='word_1_250' title='bbox 1005 2296 1087 2320; x_wconf 87' lang='lat' dir='ltr'>recte</span> <span class='ocrx_word' id='word_1_251' title='bbox 1102 2290 1319 2328; x_wconf 80' lang='lat' dir='ltr'>interpretatus</span> <span class='ocrx_word' id='word_1_252' title='bbox 1334 2295 1388 2323; x_wconf 82' lang='lat' dir='ltr'>est,</span> <span class='ocrx_word' id='word_1_253' title='bbox 1398 2289 1492 2319; x_wconf 82' lang='lat' dir='ltr'>etiam</span> <span class='ocrx_word' id='word_1_254' title='bbox 1510 2288 1611 2319; x_wconf 83' lang='lat' dir='ltr'>Iliada</span> 
     </span>
     <span class='ocr_line' id='line_1_32' title="bbox 122 2331 1612 2376; baseline -0.003 -15"><span class='ocrx_word' id='word_1_255' title='bbox 122 2336 155 2361; x_wconf 86' lang='lat' dir='ltr'>et</span> <span class='ocrx_word' id='word_1_256' title='bbox 171 2331 344 2371; x_wconf 85' lang='lat' dir='ltr'>Odysseam</span> <span class='ocrx_word' id='word_1_257' title='bbox 360 2333 595 2376; x_wconf 67' lang='grc' dir='ltr'>εὐσωοπτοτὲμς</span> <span class='ocrx_word' id='word_1_258' title='bbox 611 2334 676 2364; x_wconf 81' lang='lat' dir='ltr'>sore</span> <span class='ocrx_word' id='word_1_259' title='bbox 700 2334 820 2373; x_wconf 85' lang='lat' dir='ltr'>putavit</span> <span class='ocrx_word' id='word_1_260' title='bbox 835 2334 958 2364; x_wconf 83' lang='lat' dir='ltr'>criticus</span> <span class='ocrx_word' id='word_1_261' title='bbox 985 2333 1192 2372; x_wconf 84' lang='lat' dir='ltr'>philosophus,</span> <span class='ocrx_word' id='word_1_262' title='bbox 1209 2332 1249 2362; x_wconf 88' lang='lat' dir='ltr'>ad</span> <span class='ocrx_word' id='word_1_263' title='bbox 1264 2332 1385 2362; x_wconf 82' lang='lat' dir='ltr'>tertiam</span> <span class='ocrx_word' id='word_1_264' title='bbox 1409 2338 1529 2371; x_wconf 85' lang='lat' dir='ltr'>partem</span> <span class='ocrx_word' id='word_1_265' title='bbox 1545 2341 1612 2361; x_wconf 86' lang='lat' dir='ltr'>ver-</span> 
     </span>
     <span class='ocr_line' id='line_1_33' title="bbox 124 2375 1612 2417; baseline 0 -13"><span class='ocrx_word' id='word_1_266' title='bbox 124 2384 218 2404; x_wconf 88' lang='lat' dir='ltr'>suum</span> <span class='ocrx_word' id='word_1_267' title='bbox 232 2381 415 2405; x_wconf 83' lang='lat' dir='ltr'>contractas.</span> <span class='ocrx_word' id='word_1_268' title='bbox 463 2376 557 2411; x_wconf 84' lang='lat' dir='ltr'>Quod</span> <span class='ocrx_word' id='word_1_269' title='bbox 574 2377 700 2417; x_wconf 76' lang='lat' dir='ltr'>quidem</span> <span class='ocrx_word' id='word_1_270' title='bbox 715 2377 1038 2417; x_wconf 71' lang='lat' dir='ltr'>argumentationibus</span> <span class='ocrx_word' id='word_1_271' title='bbox 1061 2376 1172 2406; x_wconf 82' lang='lat' dir='ltr'>nostris</span> <span class='ocrx_word' id='word_1_272' title='bbox 1186 2375 1543 2406; x_wconf 80' lang='lat' dir='ltr'>accommodatissimum</span> <span class='ocrx_word' id='word_1_273' title='bbox 1565 2385 1612 2404; x_wconf 75' lang='lat' dir='ltr'>es-</span> 
     </span>
     <span class='ocr_line' id='line_1_34' title="bbox 125 2417 1613 2460; baseline -0.001 -13"><span class='ocrx_word' id='word_1_274' title='bbox 125 2423 180 2447; x_wconf 84' lang='lat' dir='ltr'>set.</span> <span class='ocrx_word' id='word_1_275' title='bbox 230 2418 298 2448; x_wconf 90' lang='lat' dir='ltr'>Nec</span> <span class='ocrx_word' id='word_1_276' title='bbox 312 2428 349 2448; x_wconf 84' lang='lat' dir='ltr'>ea</span> <span class='ocrx_word' id='word_1_277' title='bbox 376 2419 528 2449; x_wconf 85' lang='lat' dir='ltr'>sententia</span> <span class='ocrx_word' id='word_1_278' title='bbox 542 2421 672 2449; x_wconf 92' lang='lat' dir='ltr'>omnino</span> <span class='ocrx_word' id='word_1_279' title='bbox 688 2419 818 2460; x_wconf 85' lang='lat' dir='ltr'>indigna</span> <span class='ocrx_word' id='word_1_280' title='bbox 832 2425 878 2450; x_wconf 87' lang='lat' dir='ltr'>est</span> <span class='ocrx_word' id='word_1_281' title='bbox 902 2419 1076 2454; x_wconf 81' lang='lat' dir='ltr'>Aristotele,</span> <span class='ocrx_word' id='word_1_282' title='bbox 1093 2429 1194 2459; x_wconf 85' lang='lat' dir='ltr'>neque</span> <span class='ocrx_word' id='word_1_283' title='bbox 1220 2418 1347 2458; x_wconf 88' lang='lat' dir='ltr'>reliquis</span> <span class='ocrx_word' id='word_1_284' title='bbox 1362 2418 1520 2457; x_wconf 81' lang='lat' dir='ltr'>praeceptis</span> <span class='ocrx_word' id='word_1_285' title='bbox 1546 2417 1613 2456; x_wconf 84' lang='lat' dir='ltr'>ejus</span> 
     </span>
     <span class='ocr_line' id='line_1_35' title="bbox 125 2461 1612 2502; baseline 0 -13"><span class='ocrx_word' id='word_1_286' title='bbox 125 2461 286 2496; x_wconf 81' lang='lat' dir='ltr'>contraria,</span> <span class='ocrx_word' id='word_1_287' title='bbox 302 2462 493 2502; x_wconf 86' lang='lat' dir='ltr'>probataque</span> <span class='ocrx_word' id='word_1_288' title='bbox 510 2472 608 2501; x_wconf 86' lang='lat' dir='ltr'>nuper</span> <span class='ocrx_word' id='word_1_289' title='bbox 623 2462 717 2492; x_wconf 84' lang='lat' dir='ltr'>etiam</span> <span class='ocrx_word' id='word_1_290' title='bbox 733 2463 820 2493; x_wconf 83' lang='lat' dir='ltr'>alteri</span> <span class='ocrx_word' id='word_1_291' title='bbox 834 2463 994 2501; x_wconf 77' lang='lat' dir='ltr'>interpreti</span> <span class='ocrx_word' id='word_1_292' title='bbox 1010 2462 1095 2492; x_wconf 83' lang='lat' dir='ltr'>illius</span> <span class='ocrx_word' id='word_1_293' title='bbox 1110 2462 1221 2501; x_wconf 83' lang='lat' dir='ltr'>operis,</span> <span class='ocrx_word' id='word_1_294' title='bbox 1239 2462 1324 2501; x_wconf 87' lang='lat' dir='ltr'>Pyco</span> <span class='ocrx_word' id='word_1_295' title='bbox 1339 2461 1371 2490; x_wconf 87' lang='lat' dir='ltr'>in</span> <span class='ocrx_word' id='word_1_296' title='bbox 1392 2462 1567 2492; x_wconf 81' lang='lat' dir='ltr'>Comment.</span> <span class='ocrx_word' id='word_1_297' title='bbox 1584 2471 1612 2499; x_wconf 88' lang='lat' dir='ltr'>p.</span> 
     </span>
     <span class='ocr_line' id='line_1_36' title="bbox 127 2503 1613 2545; baseline 0.001 -13"><span class='ocrx_word' id='word_1_298' title='bbox 127 2506 199 2533; x_wconf 82' lang='lat'>458.</span> <span class='ocrx_word' id='word_1_299' title='bbox 244 2503 354 2544; x_wconf 89' lang='lat' dir='ltr'>Neque</span> <span class='ocrx_word' id='word_1_300' title='bbox 370 2514 455 2535; x_wconf 87' lang='lat' dir='ltr'>nunc</span> <span class='ocrx_word' id='word_1_301' title='bbox 471 2504 579 2535; x_wconf 86' lang='lat' dir='ltr'>doctus</span> <span class='ocrx_word' id='word_1_302' title='bbox 603 2506 776 2545; x_wconf 85' lang='lat' dir='ltr'>quisquam,</span> <span class='ocrx_word' id='word_1_303' title='bbox 794 2505 971 2536; x_wconf 84' lang='lat' dir='ltr'>summariis</span> <span class='ocrx_word' id='word_1_304' title='bbox 998 2505 1184 2545; x_wconf 86' lang='lat' dir='ltr'>Cypriorum</span> <span class='ocrx_word' id='word_1_305' title='bbox 1201 2511 1232 2535; x_wconf 82' lang='lat' dir='ltr'>et</span> <span class='ocrx_word' id='word_1_306' title='bbox 1247 2514 1348 2544; x_wconf 81' lang='lat' dir='ltr'>parvoe</span> <span class='ocrx_word' id='word_1_307' title='bbox 1373 2504 1481 2534; x_wconf 73' lang='lat' dir='ltr'>Iliadis</span> <span class='ocrx_word' id='word_1_308' title='bbox 1497 2513 1613 2543; x_wconf 80' lang='lat' dir='ltr'>magno</span> 
     </span>
     <span class='ocr_line' id='line_1_37' title="bbox 126 2545 1611 2588; baseline -0.001 -13"><span class='ocrx_word' id='word_1_309' title='bbox 126 2545 339 2577; x_wconf 88' lang='lat' dir='ltr'>emolumento</span> <span class='ocrx_word' id='word_1_310' title='bbox 354 2548 466 2577; x_wconf 86' lang='lat' dir='ltr'>harum</span> <span class='ocrx_word' id='word_1_311' title='bbox 482 2548 642 2578; x_wconf 86' lang='lat' dir='ltr'>literarum</span> <span class='ocrx_word' id='word_1_312' title='bbox 659 2549 830 2587; x_wconf 82' lang='lat' dir='ltr'>publicatis,</span> <span class='ocrx_word' id='word_1_313' title='bbox 846 2548 885 2578; x_wconf 90' lang='lat' dir='ltr'>ad</span> <span class='ocrx_word' id='word_1_314' title='bbox 903 2548 1029 2578; x_wconf 89' lang='lat' dir='ltr'>Dacerii</span> <span class='ocrx_word' id='word_1_315' title='bbox 1039 2549 1225 2578; x_wconf 83' lang='lat' dir='ltr'>sententiam</span> <span class='ocrx_word' id='word_1_316' title='bbox 1241 2547 1409 2582; x_wconf 79' lang='lat' dir='ltr'>accesserit,</span> <span class='ocrx_word' id='word_1_317' title='bbox 1427 2547 1481 2588; x_wconf 88' lang='lat' dir='ltr'>qui</span> <span class='ocrx_word' id='word_1_318' title='bbox 1497 2556 1611 2576; x_wconf 80' lang='lat' dir='ltr'>nomen</span> 
     </span>
     <span class='ocr_line' id='line_1_38' title="bbox 126 2589 1611 2629; baseline 0 -11"><span class='ocrx_word' id='word_1_319' title='bbox 126 2595 255 2619; x_wconf 79' lang='lat' dir='ltr'>veterum</span> <span class='ocrx_word' id='word_1_320' title='bbox 272 2589 291 2619; x_wconf 92' lang='lat' dir='ltr'>l.</span> <span class='ocrx_word' id='word_1_321' title='bbox 307 2600 332 2619; x_wconf 95' lang='lat' dir='ltr'>c.</span> <span class='ocrx_word' id='word_1_322' title='bbox 348 2590 388 2620; x_wconf 88' lang='lat' dir='ltr'>ad</span> <span class='ocrx_word' id='word_1_323' title='bbox 402 2590 457 2620; x_wconf 84' lang='lat' dir='ltr'>illa</span> <span class='ocrx_word' id='word_1_324' title='bbox 475 2591 624 2621; x_wconf 88' lang='lat' dir='ltr'>Carmina</span> <span class='ocrx_word' id='word_1_325' title='bbox 639 2591 796 2621; x_wconf 84' lang='lat' dir='ltr'>referebat.</span> <span class='ocrx_word' id='word_1_326' title='bbox 850 2590 912 2621; x_wconf 90' lang='lat' dir='ltr'>Sed</span> <span class='ocrx_word' id='word_1_327' title='bbox 927 2591 991 2621; x_wconf 89' lang='lat' dir='ltr'>duo</span> <span class='ocrx_word' id='word_1_328' title='bbox 1007 2590 1293 2629; x_wconf 81' lang='lat' dir='ltr'>interpretationem</span> <span class='ocrx_word' id='word_1_329' title='bbox 1308 2590 1394 2620; x_wconf 87' lang='lat' dir='ltr'>illius</span> <span class='ocrx_word' id='word_1_330' title='bbox 1410 2590 1468 2620; x_wconf 91' lang='lat' dir='ltr'>loci</span> <span class='ocrx_word' id='word_1_331' title='bbox 1484 2589 1611 2619; x_wconf 81' lang='lat' dir='ltr'>dubiam</span> 
     </span>
     <span class='ocr_line' id='line_1_39' title="bbox 128 2631 1613 2674; baseline -0.001 -14"><span class='ocrx_word' id='word_1_332' title='bbox 128 2631 255 2666; x_wconf 86' lang='lat' dir='ltr'>faciunt,</span> <span class='ocrx_word' id='word_1_333' title='bbox 272 2632 409 2671; x_wconf 87' lang='lat' dir='ltr'>primum</span> <span class='ocrx_word' id='word_1_334' title='bbox 425 2633 509 2674; x_wconf 91' lang='lat' dir='ltr'>quod</span> <span class='ocrx_word' id='word_1_335' title='bbox 523 2633 562 2664; x_wconf 91' lang='lat' dir='ltr'>de</span> <span class='ocrx_word' id='word_1_336' title='bbox 584 2633 775 2674; x_wconf 86' lang='lat' dir='ltr'>reliquorum</span> <span class='ocrx_word' id='word_1_337' title='bbox 793 2635 873 2669; x_wconf 63' lang='grc' dir='ltr'>ἔνι-ἆυ,</span> <span class='ocrx_word' id='word_1_338' title='bbox 890 2641 963 2664; x_wconf 84' lang='lat' dir='ltr'>ante</span> <span class='ocrx_word' id='word_1_339' title='bbox 992 2633 1192 2664; x_wconf 80' lang='lat' dir='ltr'>Aristotelem</span> <span class='ocrx_word' id='word_1_340' title='bbox 1207 2634 1347 2672; x_wconf 88' lang='lat' dir='ltr'>proxime</span> <span class='ocrx_word' id='word_1_341' title='bbox 1374 2632 1528 2663; x_wconf 81' lang='lat' dir='ltr'>editorum</span> <span class='ocrx_word' id='word_1_342' title='bbox 1546 2632 1613 2660; x_wconf 84' lang='lat' dir='ltr'>lon-</span> 
     </span>
     <span class='ocr_line' id='line_1_40' title="bbox 128 2674 1613 2717; baseline -0.001 -14"><span class='ocrx_word' id='word_1_343' title='bbox 128 2674 271 2713; x_wconf 86' lang='lat' dir='ltr'>gitudine</span> <span class='ocrx_word' id='word_1_344' title='bbox 287 2675 395 2706; x_wconf 84' lang='lat' dir='ltr'>incerti</span> <span class='ocrx_word' id='word_1_345' title='bbox 410 2686 527 2712; x_wconf 87' lang='lat' dir='ltr'>sumus,</span> <span class='ocrx_word' id='word_1_346' title='bbox 544 2683 611 2707; x_wconf 81' lang='lat' dir='ltr'>tum</span> <span class='ocrx_word' id='word_1_347' title='bbox 629 2677 711 2717; x_wconf 86' lang='lat' dir='ltr'>quod</span> <span class='ocrx_word' id='word_1_348' title='bbox 729 2677 895 2715; x_wconf 85' lang='lat' dir='ltr'>nescimus,</span> <span class='ocrx_word' id='word_1_349' title='bbox 910 2676 986 2717; x_wconf 88' lang='lat' dir='ltr'>quid</span> <span class='ocrx_word' id='word_1_350' title='bbox 1001 2677 1034 2706; x_wconf 86' lang='lat' dir='ltr'>iu</span> <span class='ocrx_word' id='word_1_351' title='bbox 1049 2676 1166 2717; x_wconf 85' lang='lat' dir='ltr'>tragica</span> <span class='ocrx_word' id='word_1_352' title='bbox 1185 2687 1277 2707; x_wconf 86' lang='lat' dir='ltr'>scena</span> <span class='ocrx_word' id='word_1_353' title='bbox 1291 2676 1386 2706; x_wconf 83' lang='lat' dir='ltr'>fuerit</span> <span class='ocrx_word' id='word_1_354' title='bbox 1399 2677 1455 2714; x_wconf 65' lang='grc' dir='ltr'>μία</span> <span class='ocrx_word' id='word_1_355' title='bbox 1471 2676 1613 2715; x_wconf 62' lang='grc' dir='ltr'>ὠχρίασις.</span> 
     </span>
     <span class='ocr_line' id='line_1_41' title="bbox 125 2717 1614 2759; baseline -0.001 -13"><span class='ocrx_word' id='word_1_356' title='bbox 125 2717 210 2746; x_wconf 86' lang='lat' dir='ltr'>Nam</span> <span class='ocrx_word' id='word_1_357' title='bbox 228 2717 381 2758; x_wconf 82' lang='lat' dir='ltr'>Diogenis</span> <span class='ocrx_word' id='word_1_358' title='bbox 394 2719 431 2749; x_wconf 93' lang='lat' dir='ltr'>L.</span> <span class='ocrx_word' id='word_1_359' title='bbox 450 2719 521 2750; x_wconf 87' lang='lat'><em>111.</em></span> <span class='ocrx_word' id='word_1_360' title='bbox 540 2724 589 2751; x_wconf 80' lang='lat'>56.</span> <span class='ocrx_word' id='word_1_361' title='bbox 606 2720 772 2750; x_wconf 85' lang='lat' dir='ltr'>auctoritas</span> <span class='ocrx_word' id='word_1_362' title='bbox 788 2726 856 2759; x_wconf 85' lang='lat' dir='ltr'>post</span> <span class='ocrx_word' id='word_1_363' title='bbox 871 2719 1124 2750; x_wconf 84' lang='lat' dir='ltr'>emendationem</span> <span class='ocrx_word' id='word_1_364' title='bbox 1140 2719 1245 2750; x_wconf 88' lang='lat' dir='ltr'>eximii</span> <span class='ocrx_word' id='word_1_365' title='bbox 1260 2720 1328 2755; x_wconf 85' lang='lat' dir='ltr'>viri,</span> <span class='ocrx_word' id='word_1_366' title='bbox 1340 2719 1397 2749; x_wconf 83' lang='lat' dir='ltr'>ista</span> <span class='ocrx_word' id='word_1_367' title='bbox 1413 2724 1547 2758; x_wconf 76' lang='lat' dir='ltr'>quatuor</span> <span class='ocrx_word' id='word_1_368' title='bbox 1559 2726 1614 2745; x_wconf 90' lang='lat' dir='ltr'>no-</span> 
     </span>
     <span class='ocr_line' id='line_1_42' title="bbox 128 2759 1616 2803; baseline -0.001 -15"><span class='ocrx_word' id='word_1_369' title='bbox 128 2759 216 2789; x_wconf 89' lang='lat' dir='ltr'>mina</span> <span class='ocrx_word' id='word_1_370' title='bbox 233 2760 382 2791; x_wconf 79' lang='lat' dir='ltr'>festorum</span> <span class='ocrx_word' id='word_1_371' title='bbox 399 2761 439 2792; x_wconf 77' lang='lat' dir='ltr'>ad</span> <span class='ocrx_word' id='word_1_372' title='bbox 462 2763 636 2803; x_wconf 84' lang='lat' dir='ltr'>marginem</span> <span class='ocrx_word' id='word_1_373' title='bbox 660 2763 835 2802; x_wconf 61' lang='lat' dir='ltr'>releganfis,</span> <span class='ocrx_word' id='word_1_374' title='bbox 852 2762 990 2793; x_wconf 88' lang='lat' dir='ltr'>adhiberi</span> <span class='ocrx_word' id='word_1_375' title='bbox 1014 2773 1078 2793; x_wconf 86' lang='lat' dir='ltr'>non</span> <span class='ocrx_word' id='word_1_376' title='bbox 1093 2762 1241 2799; x_wconf 81' lang='lat' dir='ltr'>debebat;</span> <span class='ocrx_word' id='word_1_377' title='bbox 1270 2762 1331 2793; x_wconf 87' lang='lat' dir='ltr'>alia</span> <span class='ocrx_word' id='word_1_378' title='bbox 1357 2772 1427 2791; x_wconf 82' lang='lat' dir='ltr'>vero</span> <span class='ocrx_word' id='word_1_379' title='bbox 1451 2759 1616 2789; x_wconf 80' lang='lat' dir='ltr'>auctoritas</span> 
     </span>
     <span class='ocr_line' id='line_1_43' title="bbox 128 2801 1616 2847; baseline -0.003 -10"><span class='ocrx_word' id='word_1_380' title='bbox 128 2801 222 2837; x_wconf 85' lang='lat' dir='ltr'>deest,</span> <span class='ocrx_word' id='word_1_381' title='bbox 240 2813 300 2843; x_wconf 85' lang='lat' dir='ltr'>qua</span> <span class='ocrx_word' id='word_1_382' title='bbox 319 2804 385 2834; x_wconf 88' lang='lat' dir='ltr'>sine</span> <span class='ocrx_word' id='word_1_383' title='bbox 399 2805 510 2835; x_wconf 86' lang='lat' dir='ltr'>erroris</span> <span class='ocrx_word' id='word_1_384' title='bbox 535 2805 674 2847; x_wconf 85' lang='lat' dir='ltr'>periculo</span> <span class='ocrx_word' id='word_1_385' title='bbox 689 2807 805 2835; x_wconf 76' lang='lat' dir='ltr'>nitaris.</span> <span class='ocrx_word' id='word_1_386' title='bbox 851 2806 942 2837; x_wconf 87' lang='lat' dir='ltr'>Conf.</span> <span class='ocrx_word' id='word_1_387' title='bbox 969 2806 1175 2836; x_wconf 83' lang='lat' dir='ltr'>Barthelemii</span> <span class='ocrx_word' id='word_1_388' title='bbox 1203 2806 1284 2836; x_wconf 84' lang='lat' dir='ltr'>Diss.</span> <span class='ocrx_word' id='word_1_389' title='bbox 1303 2805 1334 2834; x_wconf 88' lang='lat' dir='ltr'>in</span> <span class='ocrx_word' id='word_1_390' title='bbox 1359 2805 1488 2835; x_wconf 81' lang='lat' dir='ltr'>Memor.</span> <span class='ocrx_word' id='word_1_391' title='bbox 1519 2801 1616 2831; x_wconf 80' lang='lat' dir='ltr'>Acad.</span> 
     </span>
     <span class='ocr_line' id='line_1_44' title="bbox 129 2844 1615 2890; baseline -0.001 -16"><span class='ocrx_word' id='word_1_392' title='bbox 129 2844 286 2883; x_wconf 79' lang='lat' dir='ltr'>Inscriptt.</span> <span class='ocrx_word' id='word_1_393' title='bbox 303 2846 342 2876; x_wconf 90' lang='lat' dir='ltr'>T.</span> <span class='ocrx_word' id='word_1_394' title='bbox 361 2847 527 2880; x_wconf 86' lang='lat' dir='ltr'><strong>XXXIX.</strong></span> <span class='ocrx_word' id='word_1_395' title='bbox 572 2849 637 2879; x_wconf 85' lang='lat' dir='ltr'>Hic</span> <span class='ocrx_word' id='word_1_396' title='bbox 652 2855 757 2879; x_wconf 83' lang='lat' dir='ltr'>autem</span> <span class='ocrx_word' id='word_1_397' title='bbox 774 2848 814 2880; x_wconf 85' lang='lat' dir='ltr'>ad</span> <span class='ocrx_word' id='word_1_398' title='bbox 827 2849 1021 2890; x_wconf 85' lang='lat' dir='ltr'>conjecturas</span> <span class='ocrx_word' id='word_1_399' title='bbox 1035 2849 1213 2890; x_wconf 85' lang='lat' dir='ltr'>confugere,</span> <span class='ocrx_word' id='word_1_400' title='bbox 1229 2849 1286 2879; x_wconf 82' lang='lat' dir='ltr'>etsi</span> <span class='ocrx_word' id='word_1_401' title='bbox 1301 2857 1432 2878; x_wconf 79' lang='lat' dir='ltr'>summa:</span> <span class='ocrx_word' id='word_1_402' title='bbox 1449 2845 1491 2875; x_wconf 86' lang='lat' dir='ltr'>rci</span> <span class='ocrx_word' id='word_1_403' title='bbox 1506 2850 1615 2874; x_wconf 65' lang='lat' dir='ltr'>nostrae.</span> 
     </span>
     <span class='ocr_line' id='line_1_45' title="bbox 121 2888 508 2926; baseline 0.013 -9"><span class='ocrx_word' id='word_1_404' title='bbox 121 2888 314 2926; x_wconf 69' lang='lat' dir='ltr'>profuturas,</span> <span class='ocrx_word' id='word_1_405' title='bbox 334 2899 400 2920; x_wconf 90' lang='lat' dir='ltr'>non</span> <span class='ocrx_word' id='word_1_406' title='bbox 414 2896 508 2922; x_wconf 83' lang='lat' dir='ltr'>vacat.</span> 
     </span>
    </p>
   </div>
   <div class='ocr_carea' id='block_1_4' title="bbox 172 2931 972 3032">
    <p class='ocr_par' dir='ltr' id='par_1_4' title="bbox 172 2931 972 3032">
     <span class='ocr_line' id='line_1_46' title="bbox 172 2931 396 2967; baseline 0.018 -7"><span class='ocrx_word' id='word_1_407' title='bbox 172 2941 191 2960; x_wconf 84' lang='lat' dir='ltr'>a</span> <span class='ocrx_word' id='word_1_408' title='bbox 215 2931 254 2961; x_wconf 90' lang='lat' dir='ltr'>Il.</span> <span class='ocrx_word' id='word_1_409' title='bbox 269 2936 307 2967; x_wconf 83' lang='grc' dir='ltr'>β.</span> <span class='ocrx_word' id='word_1_410' title='bbox 324 2936 396 2964; x_wconf 83' lang='lat'>489.</span> 
     </span>
     <span class='ocr_line' id='line_1_47' title="bbox 180 2991 972 3032; baseline 0.009 -7"><span class='ocrx_word' id='word_1_411' title='bbox 180 2991 269 3028; x_wconf 62' lang='lat' dir='ltr'>vot.</span> <span class='ocrx_word' id='word_1_412' title='bbox 293 2992 337 3028; x_wconf 88' lang='lat' dir='ltr'>V.</span> <span class='ocrx_word' id='word_1_413' title='bbox 896 2997 925 3032; x_wconf 90' lang='lat' dir='ltr'>E</span> <span class='ocrx_word' id='word_1_414' title='bbox 952 3008 972 3032; x_wconf 90' lang='lat' dir='ltr'>e</span> 
     </span>
    </p>
   </div>
  </div>
 </body>
</html>
