<?xml version="1.0" encoding="UTF-8"?>
<!DOCTYPE html PUBLIC "-//W3C//DTD XHTML 1.0 Transitional//EN"
    "http://www.w3.org/TR/xhtml1/DTD/xhtml1-transitional.dtd">
<html xmlns="http://www.w3.org/1999/xhtml" xml:lang="en" lang="en">
 <head>
  <title>
</title>
<meta http-equiv="Content-Type" content="text/html;charset=utf-8" />
  <meta name='ocr-system' content='tesseract 3.04.00' />
  <meta name='ocr-capabilities' content='ocr_page ocr_carea ocr_par ocr_line ocrx_word'/>
</head>
<body>
  <div class='ocr_page' id='page_1' title='image "./operaomnia05home_0259.png"; bbox 0 0 1856 3235; ppageno 0'>
   <div class='ocr_carea' id='block_1_1' title="bbox 614 219 1626 271">
    <p class='ocr_par' dir='ltr' id='par_1_1' title="bbox 614 219 1626 271">
     <span class='ocr_line' id='line_1_1' title="bbox 614 219 1626 271; baseline -0.004 0"><span class='ocrx_word' id='word_1_1' title='bbox 614 219 1170 271; x_wconf 89' lang='lat' dir='ltr'>PROLEGOMENA.</span> <span class='ocrx_word' id='word_1_2' title='bbox 1531 227 1626 267; x_wconf 76' lang='lat'>235</span> 
     </span>
    </p>
   </div>
   <div class='ocr_carea' id='block_1_2' title="bbox 134 351 1626 1532">
    <p class='ocr_par' dir='ltr' id='par_1_2' title="bbox 141 351 1623 613">
     <span class='ocr_line' id='line_1_2' title="bbox 142 351 1623 416; baseline -0.005 -11"><span class='ocrx_word' id='word_1_3' title='bbox 142 356 516 406; x_wconf 87' lang='lat' dir='ltr'>Homericorum</span> <span class='ocrx_word' id='word_1_4' title='bbox 540 368 740 416; x_wconf 89' lang='lat' dir='ltr'>operum</span> <span class='ocrx_word' id='word_1_5' title='bbox 764 351 1069 399; x_wconf 86' lang='lat' dir='ltr'>occasionem</span> <span class='ocrx_word' id='word_1_6' title='bbox 1093 351 1245 405; x_wconf 89' lang='lat' dir='ltr'>daret,</span> <span class='ocrx_word' id='word_1_7' title='bbox 1283 366 1440 414; x_wconf 92' lang='lat' dir='ltr'>neque</span> <span class='ocrx_word' id='word_1_8' title='bbox 1479 366 1536 398; x_wconf 84' lang='lat' dir='ltr'>ea</span> <span class='ocrx_word' id='word_1_9' title='bbox 1572 351 1623 398; x_wconf 93' lang='lat' dir='ltr'>in</span> 
     </span>
     <span class='ocr_line' id='line_1_3' title="bbox 142 414 1621 480; baseline -0.005 -10"><span class='ocrx_word' id='word_1_10' title='bbox 142 421 283 469; x_wconf 91' lang='lat' dir='ltr'>Ionia</span> <span class='ocrx_word' id='word_1_11' title='bbox 306 429 356 469; x_wconf 93' lang='lat' dir='ltr'>et</span> <span class='ocrx_word' id='word_1_12' title='bbox 378 419 487 467; x_wconf 85' lang='lat' dir='ltr'>alibi</span> <span class='ocrx_word' id='word_1_13' title='bbox 511 425 610 465; x_wconf 91' lang='lat' dir='ltr'>tam</span> <span class='ocrx_word' id='word_1_14' title='bbox 630 417 876 473; x_wconf 77' lang='lat' dir='ltr'>dissolute,</span> <span class='ocrx_word' id='word_1_15' title='bbox 895 425 951 464; x_wconf 86' lang='lat' dir='ltr'>ut</span> <span class='ocrx_word' id='word_1_16' title='bbox 974 414 1221 464; x_wconf 88' lang='lat' dir='ltr'>nonnullis</span> <span class='ocrx_word' id='word_1_17' title='bbox 1243 431 1399 479; x_wconf 86' lang='lat' dir='ltr'>nuper</span> <span class='ocrx_word' id='word_1_18' title='bbox 1422 415 1621 480; x_wconf 87' lang='lat' dir='ltr'>placuit,</span> 
     </span>
     <span class='ocr_line' id='line_1_4' title="bbox 141 481 1622 550; baseline -0.005 -15"><span class='ocrx_word' id='word_1_19' title='bbox 141 495 338 550; x_wconf 90' lang='lat' dir='ltr'>tamque</span> <span class='ocrx_word' id='word_1_20' title='bbox 361 483 561 532; x_wconf 85' lang='lat' dir='ltr'>confuse</span> <span class='ocrx_word' id='word_1_21' title='bbox 595 491 644 531; x_wconf 88' lang='lat' dir='ltr'>et</span> <span class='ocrx_word' id='word_1_22' title='bbox 665 483 907 547; x_wconf 82' lang='lat' dir='ltr'>permixte</span> <span class='ocrx_word' id='word_1_23' title='bbox 933 481 1166 530; x_wconf 87' lang='lat' dir='ltr'>cantitata</span> <span class='ocrx_word' id='word_1_24' title='bbox 1200 497 1318 537; x_wconf 91' lang='lat' dir='ltr'>esse,</span> <span class='ocrx_word' id='word_1_25' title='bbox 1354 490 1411 528; x_wconf 88' lang='lat' dir='ltr'>ut</span> <span class='ocrx_word' id='word_1_26' title='bbox 1451 498 1622 529; x_wconf 90' lang='lat' dir='ltr'>eorum</span> 
     </span>
     <span class='ocr_line' id='line_1_5' title="bbox 143 549 1113 613; baseline -0.006 -13"><span class='ocrx_word' id='word_1_27' title='bbox 143 552 300 600; x_wconf 90' lang='lat' dir='ltr'>omnis</span> <span class='ocrx_word' id='word_1_28' title='bbox 321 559 463 598; x_wconf 88' lang='lat' dir='ltr'>tenor</span> <span class='ocrx_word' id='word_1_29' title='bbox 484 549 679 613; x_wconf 90' lang='lat' dir='ltr'>penitus</span> <span class='ocrx_word' id='word_1_30' title='bbox 705 556 1113 612; x_wconf 87' lang='lat' dir='ltr'>corrumperetur.</span> 
     </span>
    </p>

    <p class='ocr_par' dir='ltr' id='par_1_3' title="bbox 134 610 1626 1532">
     <span class='ocr_line' id='line_1_6' title="bbox 205 610 1621 678; baseline -0.002 -15"><span class='ocrx_word' id='word_1_31' title='bbox 205 617 375 671; x_wconf 84' lang='lat' dir='ltr'>ImmO,</span> <span class='ocrx_word' id='word_1_32' title='bbox 413 615 452 663; x_wconf 86' lang='lat' dir='ltr'>si</span> <span class='ocrx_word' id='word_1_33' title='bbox 475 615 751 678; x_wconf 88' lang='lat' dir='ltr'>praesidium</span> <span class='ocrx_word' id='word_1_34' title='bbox 775 615 914 662; x_wconf 91' lang='lat' dir='ltr'>nobis</span> <span class='ocrx_word' id='word_1_35' title='bbox 941 614 992 660; x_wconf 91' lang='lat' dir='ltr'>in</span> <span class='ocrx_word' id='word_1_36' title='bbox 1033 613 1133 661; x_wconf 88' lang='lat' dir='ltr'>sola</span> <span class='ocrx_word' id='word_1_37' title='bbox 1173 610 1456 675; x_wconf 84' lang='lat' dir='ltr'>conjectura</span> <span class='ocrx_word' id='word_1_38' title='bbox 1480 620 1621 668; x_wconf 89' lang='lat' dir='ltr'>esset,</span> 
     </span>
     <span class='ocr_line' id='line_1_7' title="bbox 138 677 1624 744; baseline -0.004 -14"><span class='ocrx_word' id='word_1_39' title='bbox 138 682 221 730; x_wconf 91' lang='lat' dir='ltr'>ubi</span> <span class='ocrx_word' id='word_1_40' title='bbox 244 681 357 728; x_wconf 88' lang='lat' dir='ltr'>alias</span> <span class='ocrx_word' id='word_1_41' title='bbox 397 696 542 744; x_wconf 88' lang='lat' dir='ltr'>quam</span> <span class='ocrx_word' id='word_1_42' title='bbox 573 681 624 727; x_wconf 92' lang='lat' dir='ltr'>in</span> <span class='ocrx_word' id='word_1_43' title='bbox 663 680 819 744; x_wconf 86' lang='lat' dir='ltr'>patria</span> <span class='ocrx_word' id='word_1_44' title='bbox 855 679 1059 727; x_wconf 88' lang='lat' dir='ltr'>Homeri</span> <span class='ocrx_word' id='word_1_45' title='bbox 1099 678 1307 742; x_wconf 89' lang='lat' dir='ltr'>primum</span> <span class='ocrx_word' id='word_1_46' title='bbox 1347 677 1624 724; x_wconf 86' lang='lat' dir='ltr'>institutum</span> 
     </span>
     <span class='ocr_line' id='line_1_8' title="bbox 137 742 1624 810; baseline -0.003 -17"><span class='ocrx_word' id='word_1_47' title='bbox 137 747 265 794; x_wconf 85' lang='lat' dir='ltr'>illius</span> <span class='ocrx_word' id='word_1_48' title='bbox 301 745 609 810; x_wconf 86' lang='lat' dir='ltr'>elegantioris</span> <span class='ocrx_word' id='word_1_49' title='bbox 632 745 958 809; x_wconf 89' lang='lat' dir='ltr'>dispositionis</span> <span class='ocrx_word' id='word_1_50' title='bbox 986 748 1340 808; x_wconf 84' lang='lat' dir='ltr'>quaereremus?</span> <span class='ocrx_word' id='word_1_51' title='bbox 1391 742 1541 789; x_wconf 90' lang='lat' dir='ltr'>Addo</span> <span class='ocrx_word' id='word_1_52' title='bbox 1578 759 1624 790; x_wconf 89' lang='lat' dir='ltr'>e-</span> 
     </span>
     <span class='ocr_line' id='line_1_9' title="bbox 137 807 1626 875; baseline -0.003 -16"><span class='ocrx_word' id='word_1_53' title='bbox 137 812 254 860; x_wconf 78' lang='lat' dir='ltr'>tiam</span> <span class='ocrx_word' id='word_1_54' title='bbox 278 812 573 875; x_wconf 85' lang='lat' dir='ltr'>scriptionis:</span> <span class='ocrx_word' id='word_1_55' title='bbox 612 811 750 874; x_wconf 83' lang='lat' dir='ltr'>cujus</span> <span class='ocrx_word' id='word_1_56' title='bbox 789 812 945 874; x_wconf 89' lang='lat' dir='ltr'>prima</span> <span class='ocrx_word' id='word_1_57' title='bbox 986 810 1256 858; x_wconf 83' lang='lat' dir='ltr'>tentamina</span> <span class='ocrx_word' id='word_1_58' title='bbox 1291 826 1318 856; x_wconf 89' lang='lat' dir='ltr'>a</span> <span class='ocrx_word' id='word_1_59' title='bbox 1360 807 1626 856; x_wconf 83' lang='lat' dir='ltr'>cultissima</span> 
     </span>
     <span class='ocr_line' id='line_1_10' title="bbox 135 872 1625 942; baseline -0.003 -17"><span class='ocrx_word' id='word_1_60' title='bbox 135 885 285 942; x_wconf 82' lang='lat' dir='ltr'>gente</span> <span class='ocrx_word' id='word_1_61' title='bbox 309 876 440 924; x_wconf 88' lang='lat' dir='ltr'>facta</span> <span class='ocrx_word' id='word_1_62' title='bbox 461 875 747 924; x_wconf 87' lang='lat' dir='ltr'>viderentur</span> <span class='ocrx_word' id='word_1_63' title='bbox 769 876 853 924; x_wconf 93' lang='lat' dir='ltr'>illo</span> <span class='ocrx_word' id='word_1_64' title='bbox 883 884 1117 939; x_wconf 89' lang='lat' dir='ltr'>tempore,</span> <span class='ocrx_word' id='word_1_65' title='bbox 1145 890 1242 938; x_wconf 90' lang='lat' dir='ltr'>quo</span> <span class='ocrx_word' id='word_1_66' title='bbox 1261 872 1625 922; x_wconf 88' lang='lat' dir='ltr'>confectionem</span> 
     </span>
     <span class='ocr_line' id='line_1_11' title="bbox 134 938 1624 1006; baseline -0.003 -16"><span class='ocrx_word' id='word_1_67' title='bbox 134 943 438 1006; x_wconf 79' lang='lat' dir='ltr'>voluminum</span> <span class='ocrx_word' id='word_1_68' title='bbox 461 942 739 990; x_wconf 87' lang='lat' dir='ltr'>inchoatam</span> <span class='ocrx_word' id='word_1_69' title='bbox 765 958 868 989; x_wconf 84' lang='lat' dir='ltr'>esse</span> <span class='ocrx_word' id='word_1_70' title='bbox 904 941 1159 989; x_wconf 90' lang='lat' dir='ltr'>docuimus</span> <span class='ocrx_word' id='word_1_71' title='bbox 1188 944 1232 1001; x_wconf 65' lang='lat' dir='ltr'>g.</span> <span class='ocrx_word' id='word_1_72' title='bbox 1261 939 1449 994; x_wconf 71' lang='lat' dir='ltr'>XVII„</span> <span class='ocrx_word' id='word_1_73' title='bbox 1493 938 1540 985; x_wconf 95' lang='lat' dir='ltr'>h.</span> <span class='ocrx_word' id='word_1_74' title='bbox 1581 955 1624 986; x_wconf 90' lang='lat' dir='ltr'>e.</span> 
     </span>
     <span class='ocr_line' id='line_1_12' title="bbox 137 1005 1626 1069; baseline -0.003 -13"><span class='ocrx_word' id='word_1_75' title='bbox 137 1008 316 1056; x_wconf 79' lang='lat' dir='ltr'>Pittaci</span> <span class='ocrx_word' id='word_1_76' title='bbox 340 1007 418 1055; x_wconf 90' lang='lat' dir='ltr'>vel</span> <span class='ocrx_word' id='word_1_77' title='bbox 450 1007 638 1055; x_wconf 89' lang='lat' dir='ltr'>Solonis</span> <span class='ocrx_word' id='word_1_78' title='bbox 679 1015 838 1054; x_wconf 88' lang='lat' dir='ltr'>aetate.</span> <span class='ocrx_word' id='word_1_79' title='bbox 908 1007 1013 1054; x_wconf 87' lang='lat' dir='ltr'>Etsi</span> <span class='ocrx_word' id='word_1_80' title='bbox 1054 1006 1181 1054; x_wconf 87' lang='lat' dir='ltr'>enim</span> <span class='ocrx_word' id='word_1_81' title='bbox 1223 1005 1540 1069; x_wconf 88' lang='lat' dir='ltr'>perantiquus</span> <span class='ocrx_word' id='word_1_82' title='bbox 1577 1012 1626 1052; x_wconf 88' lang='lat' dir='ltr'>et</span> 
     </span>
     <span class='ocr_line' id='line_1_13' title="bbox 137 1070 1625 1136; baseline -0.004 -14"><span class='ocrx_word' id='word_1_83' title='bbox 137 1074 479 1123; x_wconf 85' lang='lat' dir='ltr'>celeberrimus</span> <span class='ocrx_word' id='word_1_84' title='bbox 502 1090 605 1121; x_wconf 88' lang='lat' dir='ltr'>mos</span> <span class='ocrx_word' id='word_1_85' title='bbox 631 1072 840 1120; x_wconf 86' lang='lat' dir='ltr'>canendi</span> <span class='ocrx_word' id='word_1_86' title='bbox 861 1080 1061 1136; x_wconf 89' lang='lat' dir='ltr'>propter</span> <span class='ocrx_word' id='word_1_87' title='bbox 1093 1087 1327 1118; x_wconf 89' lang='lat' dir='ltr'>summam</span> <span class='ocrx_word' id='word_1_88' title='bbox 1345 1070 1625 1134; x_wconf 86' lang='lat' dir='ltr'>jucundita-</span> 
     </span>
     <span class='ocr_line' id='line_1_14' title="bbox 135 1136 1625 1203; baseline -0.004 -15"><span class='ocrx_word' id='word_1_89' title='bbox 135 1147 252 1196; x_wconf 89' lang='lat' dir='ltr'>tem,</span> <span class='ocrx_word' id='word_1_90' title='bbox 291 1148 341 1188; x_wconf 88' lang='lat' dir='ltr'>et</span> <span class='ocrx_word' id='word_1_91' title='bbox 363 1140 476 1203; x_wconf 92' lang='lat' dir='ltr'>quia</span> <span class='ocrx_word' id='word_1_92' title='bbox 496 1139 641 1203; x_wconf 89' lang='lat' dir='ltr'>plane</span> <span class='ocrx_word' id='word_1_93' title='bbox 665 1139 713 1185; x_wconf 87' lang='lat' dir='ltr'>in</span> <span class='ocrx_word' id='word_1_94' title='bbox 743 1147 895 1185; x_wconf 88' lang='lat' dir='ltr'>artem</span> <span class='ocrx_word' id='word_1_95' title='bbox 937 1138 1133 1193; x_wconf 85' lang='lat' dir='ltr'>abierat,</span> <span class='ocrx_word' id='word_1_96' title='bbox 1184 1136 1344 1183; x_wconf 89' lang='lat' dir='ltr'>minus</span> <span class='ocrx_word' id='word_1_97' title='bbox 1385 1136 1625 1183; x_wconf 87' lang='lat' dir='ltr'>desidera-</span> 
     </span>
     <span class='ocr_line' id='line_1_15' title="bbox 135 1200 1626 1268; baseline -0.003 -15"><span class='ocrx_word' id='word_1_98' title='bbox 135 1206 284 1253; x_wconf 78' lang='lat' dir='ltr'>bilem</span> <span class='ocrx_word' id='word_1_99' title='bbox 319 1204 481 1253; x_wconf 90' lang='lat' dir='ltr'>facere</span> <span class='ocrx_word' id='word_1_100' title='bbox 519 1205 683 1268; x_wconf 89' lang='lat' dir='ltr'>potuit</span> <span class='ocrx_word' id='word_1_101' title='bbox 715 1204 1043 1267; x_wconf 78' lang='lat' dir='ltr'>scriptionem,</span> <span class='ocrx_word' id='word_1_102' title='bbox 1082 1211 1226 1266; x_wconf 90' lang='lat' dir='ltr'>atque</span> <span class='ocrx_word' id='word_1_103' title='bbox 1265 1202 1386 1249; x_wconf 88' lang='lat' dir='ltr'>adeo</span> <span class='ocrx_word' id='word_1_104' title='bbox 1423 1200 1626 1249; x_wconf 86' lang='lat' dir='ltr'>fortasse</span> 
     </span>
     <span class='ocr_line' id='line_1_16' title="bbox 139 1266 1626 1334; baseline -0.003 -16"><span class='ocrx_word' id='word_1_105' title='bbox 139 1271 257 1319; x_wconf 86' lang='lat' dir='ltr'>huic</span> <span class='ocrx_word' id='word_1_106' title='bbox 280 1271 482 1334; x_wconf 88' lang='lat' dir='ltr'>negotio</span> <span class='ocrx_word' id='word_1_107' title='bbox 504 1285 660 1318; x_wconf 90' lang='lat' dir='ltr'>moras</span> <span class='ocrx_word' id='word_1_108' title='bbox 685 1269 881 1334; x_wconf 88' lang='lat' dir='ltr'>objecit,</span> <span class='ocrx_word' id='word_1_109' title='bbox 917 1277 1097 1325; x_wconf 85' lang='lat' dir='ltr'>tamen,</span> <span class='ocrx_word' id='word_1_110' title='bbox 1122 1276 1378 1332; x_wconf 89' lang='lat' dir='ltr'>postquam</span> <span class='ocrx_word' id='word_1_111' title='bbox 1401 1267 1452 1314; x_wconf 90' lang='lat' dir='ltr'>id</span> <span class='ocrx_word' id='word_1_112' title='bbox 1476 1266 1626 1315; x_wconf 88' lang='lat' dir='ltr'>semel</span> 
     </span>
     <span class='ocr_line' id='line_1_17' title="bbox 134 1334 1625 1400; baseline -0.003 -16"><span class='ocrx_word' id='word_1_113' title='bbox 134 1337 314 1385; x_wconf 83' lang='lat' dir='ltr'>tentari</span> <span class='ocrx_word' id='word_1_114' title='bbox 352 1345 582 1400; x_wconf 87' lang='lat' dir='ltr'>coeperat,</span> <span class='ocrx_word' id='word_1_115' title='bbox 624 1336 704 1383; x_wconf 88' lang='lat' dir='ltr'>vix</span> <span class='ocrx_word' id='word_1_116' title='bbox 745 1334 898 1383; x_wconf 86' lang='lat' dir='ltr'>ullum</span> <span class='ocrx_word' id='word_1_117' title='bbox 938 1335 1147 1382; x_wconf 88' lang='lat' dir='ltr'>Carmen</span> <span class='ocrx_word' id='word_1_118' title='bbox 1186 1334 1399 1397; x_wconf 85' lang='lat' dir='ltr'>priorum</span> <span class='ocrx_word' id='word_1_119' title='bbox 1440 1340 1625 1396; x_wconf 88' lang='lat' dir='ltr'>tempo-</span> 
     </span>
     <span class='ocr_line' id='line_1_18' title="bbox 136 1398 1624 1466; baseline -0.003 -16"><span class='ocrx_word' id='word_1_120' title='bbox 136 1419 243 1450; x_wconf 92' lang='lat' dir='ltr'>rum</span> <span class='ocrx_word' id='word_1_121' title='bbox 268 1402 508 1450; x_wconf 89' lang='lat' dir='ltr'>exstitisse</span> <span class='ocrx_word' id='word_1_122' title='bbox 530 1409 687 1466; x_wconf 89' lang='lat' dir='ltr'>putes,</span> <span class='ocrx_word' id='word_1_123' title='bbox 726 1401 858 1464; x_wconf 90' lang='lat' dir='ltr'>quod</span> <span class='ocrx_word' id='word_1_124' title='bbox 881 1399 1087 1448; x_wconf 87' lang='lat' dir='ltr'>Graecos</span> <span class='ocrx_word' id='word_1_125' title='bbox 1109 1415 1247 1463; x_wconf 84' lang='lat' dir='ltr'>aeque</span> <span class='ocrx_word' id='word_1_126' title='bbox 1270 1398 1546 1446; x_wconf 85' lang='lat' dir='ltr'>incitaverit</span> <span class='ocrx_word' id='word_1_127' title='bbox 1564 1398 1624 1446; x_wconf 88' lang='lat' dir='ltr'>ad</span> 
     </span>
     <span class='ocr_line' id='line_1_19' title="bbox 135 1468 549 1532; baseline -0.005 -15"><span class='ocrx_word' id='word_1_128' title='bbox 135 1468 549 1532; x_wconf 87' lang='lat' dir='ltr'>perscribendum.</span> 
     </span>
    </p>
   </div>
   <div class='ocr_carea' id='block_1_3' title="bbox 760 1659 1016 1709">
    <p class='ocr_par' dir='ltr' id='par_1_4' title="bbox 760 1659 1016 1709">
     <span class='ocr_line' id='line_1_20' title="bbox 760 1659 1016 1709; baseline -0.004 0"><span class='ocrx_word' id='word_1_129' title='bbox 760 1659 1016 1709; x_wconf 90' lang='lat' dir='ltr'>XXXIII.</span> 
     </span>
    </p>
   </div>
   <div class='ocr_carea' id='block_1_4' title="bbox 135 1790 1630 2318">
    <p class='ocr_par' dir='ltr' id='par_1_5' title="bbox 135 1790 1630 2318">
     <span class='ocr_line' id='line_1_21' title="bbox 202 1790 1628 1858; baseline -0.002 -15"><span class='ocrx_word' id='word_1_130' title='bbox 202 1795 350 1843; x_wconf 90' lang='lat' dir='ltr'>Nunc</span> <span class='ocrx_word' id='word_1_131' title='bbox 373 1810 490 1842; x_wconf 91' lang='lat' dir='ltr'>vero</span> <span class='ocrx_word' id='word_1_132' title='bbox 513 1792 634 1841; x_wconf 90' lang='lat' dir='ltr'>nihil</span> <span class='ocrx_word' id='word_1_133' title='bbox 657 1810 780 1858; x_wconf 90' lang='lat' dir='ltr'>opus</span> <span class='ocrx_word' id='word_1_134' title='bbox 804 1800 877 1841; x_wconf 89' lang='lat' dir='ltr'>est</span> <span class='ocrx_word' id='word_1_135' title='bbox 911 1791 1218 1856; x_wconf 79' lang='lat' dir='ltr'>conjecturas</span> <span class='ocrx_word' id='word_1_136' title='bbox 1251 1807 1442 1855; x_wconf 85' lang='lat' dir='ltr'>capere.</span> <span class='ocrx_word' id='word_1_137' title='bbox 1515 1790 1628 1840; x_wconf 90' lang='lat' dir='ltr'>His-</span> 
     </span>
     <span class='ocr_line' id='line_1_22' title="bbox 135 1856 1629 1925; baseline -0.004 -16"><span class='ocrx_word' id='word_1_138' title='bbox 135 1861 260 1910; x_wconf 89' lang='lat' dir='ltr'>toria</span> <span class='ocrx_word' id='word_1_139' title='bbox 281 1860 511 1925; x_wconf 90' lang='lat' dir='ltr'>loquitur.</span> <span class='ocrx_word' id='word_1_140' title='bbox 579 1860 707 1907; x_wconf 89' lang='lat' dir='ltr'>Nam</span> <span class='ocrx_word' id='word_1_141' title='bbox 732 1874 827 1906; x_wconf 87' lang='lat' dir='ltr'>vox</span> <span class='ocrx_word' id='word_1_142' title='bbox 852 1859 1004 1906; x_wconf 91' lang='lat' dir='ltr'>totius</span> <span class='ocrx_word' id='word_1_143' title='bbox 1027 1857 1327 1921; x_wconf 85' lang='lat' dir='ltr'>antiquitatis</span> <span class='ocrx_word' id='word_1_144' title='bbox 1352 1865 1417 1914; x_wconf 90' lang='lat' dir='ltr'>et,</span> <span class='ocrx_word' id='word_1_145' title='bbox 1444 1856 1483 1904; x_wconf 90' lang='lat' dir='ltr'>si</span> <span class='ocrx_word' id='word_1_146' title='bbox 1503 1873 1629 1904; x_wconf 90' lang='lat' dir='ltr'>sum-</span> 
     </span>
     <span class='ocr_line' id='line_1_23' title="bbox 136 1922 1629 1990; baseline -0.003 -15"><span class='ocrx_word' id='word_1_147' title='bbox 136 1943 263 1975; x_wconf 90' lang='lat' dir='ltr'>mam</span> <span class='ocrx_word' id='word_1_148' title='bbox 303 1934 508 1990; x_wconf 88' lang='lat' dir='ltr'>spectes,</span> <span class='ocrx_word' id='word_1_149' title='bbox 555 1925 865 1973; x_wconf 88' lang='lat' dir='ltr'>consentiens</span> <span class='ocrx_word' id='word_1_150' title='bbox 903 1922 1034 1972; x_wconf 88' lang='lat' dir='ltr'>fama</span> <span class='ocrx_word' id='word_1_151' title='bbox 1068 1931 1291 1979; x_wconf 89' lang='lat' dir='ltr'>testatur,</span> <span class='ocrx_word' id='word_1_152' title='bbox 1328 1923 1629 1971; x_wconf 73' lang='lat' dir='ltr'>Pisistratum</span> 
     </span>
     <span class='ocr_line' id='line_1_24' title="bbox 142 1989 1628 2054; baseline -0.004 -13"><span class='ocrx_word' id='word_1_153' title='bbox 142 1992 365 2042; x_wconf 81' lang='lat' dir='ltr'>Carmina</span> <span class='ocrx_word' id='word_1_154' title='bbox 386 1992 591 2040; x_wconf 87' lang='lat' dir='ltr'>Homeri</span> <span class='ocrx_word' id='word_1_155' title='bbox 606 1991 813 2054; x_wconf 82' lang='lat' dir='ltr'>primum</span> <span class='ocrx_word' id='word_1_156' title='bbox 838 1991 1135 2052; x_wconf 81' lang='lat' dir='ltr'>consignasse</span> <span class='ocrx_word' id='word_1_157' title='bbox 1159 1989 1323 2047; x_wconf 80' lang='lat' dir='ltr'>literiS,</span> <span class='ocrx_word' id='word_1_158' title='bbox 1357 1995 1405 2035; x_wconf 91' lang='lat' dir='ltr'>et</span> <span class='ocrx_word' id='word_1_159' title='bbox 1440 1989 1489 2035; x_wconf 86' lang='lat' dir='ltr'>in</span> <span class='ocrx_word' id='word_1_160' title='bbox 1527 2005 1628 2036; x_wconf 83' lang='lat' dir='ltr'>eam</span> 
     </span>
     <span class='ocr_line' id='line_1_25' title="bbox 138 2054 1630 2120; baseline -0.002 -14"><span class='ocrx_word' id='word_1_161' title='bbox 138 2058 345 2106; x_wconf 73' lang='lat' dir='ltr'>ordinem</span> <span class='ocrx_word' id='word_1_162' title='bbox 367 2058 620 2120; x_wconf 81' lang='lat' dir='ltr'>redegisse,</span> <span class='ocrx_word' id='word_1_163' title='bbox 658 2073 747 2120; x_wconf 84' lang='lat' dir='ltr'>quo</span> <span class='ocrx_word' id='word_1_164' title='bbox 770 2072 891 2104; x_wconf 83' lang='lat' dir='ltr'>nunc</span> <span class='ocrx_word' id='word_1_165' title='bbox 931 2057 1163 2118; x_wconf 83' lang='lat' dir='ltr'>leguntur.</span> <span class='ocrx_word' id='word_1_166' title='bbox 1235 2054 1350 2102; x_wconf 93' lang='lat' dir='ltr'>Hoc</span> <span class='ocrx_word' id='word_1_167' title='bbox 1390 2055 1630 2118; x_wconf 88' lang='lat' dir='ltr'>posterius</span> 
     </span>
     <span class='ocr_line' id='line_1_26' title="bbox 140 2120 1626 2186; baseline -0.004 -13"><span class='ocrx_word' id='word_1_168' title='bbox 140 2123 331 2180; x_wconf 85' lang='lat' dir='ltr'>Cicero,</span> <span class='ocrx_word' id='word_1_169' title='bbox 370 2122 628 2171; x_wconf 89' lang='lat' dir='ltr'>Pausanias</span> <span class='ocrx_word' id='word_1_170' title='bbox 669 2130 720 2171; x_wconf 91' lang='lat' dir='ltr'>et</span> <span class='ocrx_word' id='word_1_171' title='bbox 759 2121 932 2186; x_wconf 90' lang='lat' dir='ltr'>reliqui</span> <span class='ocrx_word' id='word_1_172' title='bbox 972 2136 1155 2177; x_wconf 82' lang='lat' dir='ltr'>omneS‚</span> <span class='ocrx_word' id='word_1_173' title='bbox 1205 2120 1288 2184; x_wconf 90' lang='lat' dir='ltr'>qui</span> <span class='ocrx_word' id='word_1_174' title='bbox 1328 2120 1626 2168; x_wconf 90' lang='lat' dir='ltr'>mentionem</span> 
     </span>
     <span class='ocr_line' id='line_1_27' title="bbox 138 2185 1630 2253; baseline -0.002 -17"><span class='ocrx_word' id='word_1_175' title='bbox 138 2189 209 2238; x_wconf 91' lang='lat' dir='ltr'>rei</span> <span class='ocrx_word' id='word_1_176' title='bbox 241 2188 443 2245; x_wconf 88' lang='lat' dir='ltr'>faciunt,</span> <span class='ocrx_word' id='word_1_177' title='bbox 479 2188 650 2237; x_wconf 88' lang='lat' dir='ltr'>iisdem</span> <span class='ocrx_word' id='word_1_178' title='bbox 685 2205 836 2253; x_wconf 90' lang='lat' dir='ltr'>prope</span> <span class='ocrx_word' id='word_1_179' title='bbox 872 2187 1032 2235; x_wconf 90' lang='lat' dir='ltr'>verbis</span> <span class='ocrx_word' id='word_1_180' title='bbox 1069 2194 1119 2235; x_wconf 88' lang='lat' dir='ltr'>et</span> <span class='ocrx_word' id='word_1_181' title='bbox 1158 2194 1215 2234; x_wconf 90' lang='lat' dir='ltr'>ut</span> <span class='ocrx_word' id='word_1_182' title='bbox 1252 2185 1401 2249; x_wconf 88' lang='lat' dir='ltr'>vulgo</span> <span class='ocrx_word' id='word_1_183' title='bbox 1441 2185 1630 2233; x_wconf 88' lang='lat' dir='ltr'>notissi-</span> 
     </span>
     <span class='ocr_line' id='line_1_28' title="bbox 137 2250 1630 2318; baseline -0.001 -16"><span class='ocrx_word' id='word_1_184' title='bbox 137 2271 270 2303; x_wconf 91' lang='lat' dir='ltr'>mum</span> <span class='ocrx_word' id='word_1_185' title='bbox 311 2254 569 2318; x_wconf 90' lang='lat' dir='ltr'>perhibent</span> <span class='ocrx_word' id='word_1_186' title='bbox 590 2266 623 2303; x_wconf 77' lang='lat'>³.</span> <span class='ocrx_word' id='word_1_187' title='bbox 693 2254 788 2302; x_wconf 90' lang='lat' dir='ltr'>Sed</span> <span class='ocrx_word' id='word_1_188' title='bbox 829 2253 1075 2318; x_wconf 88' lang='lat' dir='ltr'>quomodo</span> <span class='ocrx_word' id='word_1_189' title='bbox 1108 2252 1236 2301; x_wconf 90' lang='lat' dir='ltr'>hanc</span> <span class='ocrx_word' id='word_1_190' title='bbox 1270 2250 1449 2300; x_wconf 85' lang='lat' dir='ltr'>famam</span> <span class='ocrx_word' id='word_1_191' title='bbox 1483 2251 1630 2300; x_wconf 88' lang='lat' dir='ltr'>inter-</span> 
     </span>
    </p>
   </div>
   <div class='ocr_carea' id='block_1_5' title="bbox 136 2391 1636 2953">
    <p class='ocr_par' dir='ltr' id='par_1_6' title="bbox 136 2391 1636 2953">
     <span class='ocr_line' id='line_1_29' title="bbox 181 2391 1629 2434; baseline -0.002 -9"><span class='ocrx_word' id='word_1_192' title='bbox 181 2403 201 2425; x_wconf 79' lang='lat' dir='ltr'>a</span> <span class='ocrx_word' id='word_1_193' title='bbox 224 2393 289 2426; x_wconf 86' lang='lat' dir='ltr'>Cic.</span> <span class='ocrx_word' id='word_1_194' title='bbox 303 2392 344 2424; x_wconf 84' lang='lat' dir='ltr'>de</span> <span class='ocrx_word' id='word_1_195' title='bbox 361 2394 449 2425; x_wconf 82' lang='lat' dir='ltr'>Orat.</span> <span class='ocrx_word' id='word_1_196' title='bbox 468 2393 540 2425; x_wconf 90' lang='lat'>111.</span> <span class='ocrx_word' id='word_1_197' title='bbox 558 2396 611 2425; x_wconf 78' lang='lat'>34.</span> <span class='ocrx_word' id='word_1_198' title='bbox 659 2395 734 2428; x_wconf 84' lang='lat' dir='ltr'>Quis</span> <span class='ocrx_word' id='word_1_199' title='bbox 749 2395 866 2425; x_wconf 78' lang='lat' dir='ltr'>doctior</span> <span class='ocrx_word' id='word_1_200' title='bbox 880 2395 988 2425; x_wconf 81' lang='lat' dir='ltr'>iisdem</span> <span class='ocrx_word' id='word_1_201' title='bbox 1005 2395 1066 2424; x_wconf 79' lang='lat' dir='ltr'>illis</span> <span class='ocrx_word' id='word_1_202' title='bbox 1082 2393 1273 2434; x_wconf 80' lang='lat' dir='ltr'>temporibus,</span> <span class='ocrx_word' id='word_1_203' title='bbox 1289 2397 1344 2422; x_wconf 82' lang='lat' dir='ltr'>aut</span> <span class='ocrx_word' id='word_1_204' title='bbox 1360 2391 1448 2432; x_wconf 82' lang='lat' dir='ltr'>cujus</span> <span class='ocrx_word' id='word_1_205' title='bbox 1458 2392 1629 2432; x_wconf 81' lang='lat' dir='ltr'>eloquentia</span> 
     </span>
     <span class='ocr_line' id='line_1_30' title="bbox 138 2434 1634 2479; baseline -0.001 -10"><span class='ocrx_word' id='word_1_206' title='bbox 138 2439 240 2469; x_wconf 80' lang='lat' dir='ltr'>literis</span> <span class='ocrx_word' id='word_1_207' title='bbox 263 2438 442 2469; x_wconf 78' lang='lat' dir='ltr'>instructior</span> <span class='ocrx_word' id='word_1_208' title='bbox 453 2436 556 2479; x_wconf 78' lang='lat' dir='ltr'>fuisse</span> <span class='ocrx_word' id='word_1_209' title='bbox 570 2438 715 2472; x_wconf 82' lang='lat' dir='ltr'>traditur,</span> <span class='ocrx_word' id='word_1_210' title='bbox 731 2447 822 2477; x_wconf 81' lang='lat' dir='ltr'>quam</span> <span class='ocrx_word' id='word_1_211' title='bbox 837 2436 1022 2469; x_wconf 77' lang='lat' dir='ltr'>Pisistrati?</span> <span class='ocrx_word' id='word_1_212' title='bbox 1039 2438 1094 2477; x_wconf 84' lang='lat' dir='ltr'>qui</span> <span class='ocrx_word' id='word_1_213' title='bbox 1103 2437 1224 2476; x_wconf 84' lang='lat' dir='ltr'>primus</span> <span class='ocrx_word' id='word_1_214' title='bbox 1240 2436 1370 2466; x_wconf 85' lang='lat' dir='ltr'>Homeri</span> <span class='ocrx_word' id='word_1_215' title='bbox 1379 2435 1478 2469; x_wconf 85' lang='lat' dir='ltr'>libros,</span> <span class='ocrx_word' id='word_1_216' title='bbox 1495 2434 1634 2476; x_wconf 83' lang='lat' dir='ltr'>confusos</span> 
     </span>
     <span class='ocr_line' id='line_1_31' title="bbox 140 2478 1634 2522; baseline -0.002 -10"><span class='ocrx_word' id='word_1_217' title='bbox 140 2485 242 2516; x_wconf 77' lang='lat' dir='ltr'>antea,</span> <span class='ocrx_word' id='word_1_218' title='bbox 258 2482 303 2512; x_wconf 84' lang='lat' dir='ltr'>sic</span> <span class='ocrx_word' id='word_1_219' title='bbox 317 2481 497 2522; x_wconf 75' lang='lat' dir='ltr'>disposuisse</span> <span class='ocrx_word' id='word_1_220' title='bbox 512 2481 637 2516; x_wconf 78' lang='lat' dir='ltr'>dicitur,</span> <span class='ocrx_word' id='word_1_221' title='bbox 653 2486 687 2511; x_wconf 81' lang='lat' dir='ltr'>ut</span> <span class='ocrx_word' id='word_1_222' title='bbox 699 2491 782 2511; x_wconf 81' lang='lat' dir='ltr'>nunc</span> <span class='ocrx_word' id='word_1_223' title='bbox 797 2481 946 2511; x_wconf 79' lang='lat' dir='ltr'>habemus.</span> <span class='ocrx_word' id='word_1_224' title='bbox 992 2479 1126 2510; x_wconf 83' lang='lat' dir='ltr'>Pausan.</span> <span class='ocrx_word' id='word_1_225' title='bbox 1150 2478 1236 2510; x_wconf 89' lang='lat' dir='ltr'>VII.</span> <span class='ocrx_word' id='word_1_226' title='bbox 1253 2481 1303 2508; x_wconf 79' lang='lat'>26.</span> <span class='ocrx_word' id='word_1_227' title='bbox 1319 2488 1348 2516; x_wconf 87' lang='lat' dir='ltr'>p.</span> <span class='ocrx_word' id='word_1_228' title='bbox 1363 2479 1435 2509; x_wconf 80' lang='lat'>594.</span> <span class='ocrx_word' id='word_1_229' title='bbox 1459 2479 1634 2521; x_wconf 71' lang='grc' dir='ltr'><strong><em>Πιισίστροι-</em></strong></span> 
     </span>
     <span class='ocr_line' id='line_1_32' title="bbox 136 2520 1633 2566; baseline -0.003 -11"><span class='ocrx_word' id='word_1_230' title='bbox 136 2530 184 2558; x_wconf 64' lang='grc' dir='ltr'>τὰς</span> <span class='ocrx_word' id='word_1_231' title='bbox 216 2524 272 2558; x_wconf 64' lang='grc' dir='ltr'>ἰ’τη</span> <span class='ocrx_word' id='word_1_232' title='bbox 298 2524 338 2555; x_wconf 68' lang='grc' dir='ltr'>τὰ</span> <span class='ocrx_word' id='word_1_233' title='bbox 352 2523 475 2566; x_wconf 64' lang='lat' dir='ltr'>‘Op-view</span> <span class='ocrx_word' id='word_1_234' title='bbox 499 2521 699 2563; x_wconf 64' lang='grc' dir='ltr'>διεσπασμὶνα</span> <span class='ocrx_word' id='word_1_235' title='bbox 720 2535 752 2554; x_wconf 71' lang='grc' dir='ltr'>τε</span> <span class='ocrx_word' id='word_1_236' title='bbox 776 2523 828 2553; x_wconf 70' lang='grc' dir='ltr'>καὶ</span> <span class='ocrx_word' id='word_1_237' title='bbox 849 2523 995 2564; x_wconf 72' lang='grc' dir='ltr'>ἀλλαχοῦ</span> <span class='ocrx_word' id='word_1_238' title='bbox 1015 2523 1238 2562; x_wconf 74' lang='grc' dir='ltr'><strong><em>μιημονευὸμενιι</em></strong></span> <span class='ocrx_word' id='word_1_239' title='bbox 1263 2520 1420 2563; x_wconf 66' lang='grc' dir='ltr'>ἠθροίζετο.</span> <span class='ocrx_word' id='word_1_240' title='bbox 1464 2521 1591 2560; x_wconf 86' lang='lat' dir='ltr'>Joseph.</span> <span class='ocrx_word' id='word_1_241' title='bbox 1607 2531 1633 2552; x_wconf 96' lang='lat' dir='ltr'>c.</span> 
     </span>
     <span class='ocr_line' id='line_1_33' title="bbox 139 2562 1634 2609; baseline -0.001 -12"><span class='ocrx_word' id='word_1_242' title='bbox 139 2566 257 2606; x_wconf 61' lang='lat' dir='ltr'>Apion.</span> <span class='ocrx_word' id='word_1_243' title='bbox 274 2566 300 2597; x_wconf 91' lang='grc' dir='ltr'>Ῑ.</span> <span class='ocrx_word' id='word_1_244' title='bbox 318 2570 346 2597; x_wconf 80' lang='lat'>2.</span> <span class='ocrx_word' id='word_1_245' title='bbox 367 2567 461 2597; x_wconf 72' lang='grc' dir='ltr'><strong><em>Φιισὶν</em></strong></span> <span class='ocrx_word' id='word_1_246' title='bbox 480 2564 538 2597; x_wconf 67' lang='grc' dir='ltr'>οὖδὶ</span> <span class='ocrx_word' id='word_1_247' title='bbox 548 2566 673 2607; x_wconf 68' lang='lat' dir='ltr'>‘&#39;Op-neo·</span> <span class='ocrx_word' id='word_1_248' title='bbox 688 2567 713 2597; x_wconf 69' lang='grc' dir='ltr'>ἓν</span> <span class='ocrx_word' id='word_1_249' title='bbox 728 2567 885 2609; x_wconf 62' lang='grc' dir='ltr'><strong><em>’γράμμασι</em></strong></span> <span class='ocrx_word' id='word_1_250' title='bbox 900 2566 952 2599; x_wconf 62' lang='grc' dir='ltr'>τὴν</span> <span class='ocrx_word' id='word_1_251' title='bbox 973 2565 1062 2596; x_wconf 54' lang='lat' dir='ltr'>affero&amp;</span> <span class='ocrx_word' id='word_1_252' title='bbox 1076 2567 1184 2599; x_wconf 65' lang='grc' dir='ltr'><strong><em>ποίησιν</em></strong></span> <span class='ocrx_word' id='word_1_253' title='bbox 1199 2566 1392 2599; x_wconf 65' lang='grc' dir='ltr'>καταλιπεῖν,</span> <span class='ocrx_word' id='word_1_254' title='bbox 1415 2564 1503 2594; x_wconf 73' lang='grc' dir='ltr'>ἀλλὰ</span> <span class='ocrx_word' id='word_1_255' title='bbox 1518 2562 1634 2602; x_wconf 69' lang='grc' dir='ltr'><strong><em>διαμνη-</em></strong></span> 
     </span>
     <span class='ocr_line' id='line_1_34' title="bbox 137 2606 1632 2651; baseline -0.003 -11"><span class='ocrx_word' id='word_1_256' title='bbox 137 2608 317 2650; x_wconf 71' lang='grc' dir='ltr'>μονευυμίνην</span> <span class='ocrx_word' id='word_1_257' title='bbox 339 2610 371 2640; x_wconf 67' lang='grc' dir='ltr'>ἔκ</span> <span class='ocrx_word' id='word_1_258' title='bbox 387 2609 442 2640; x_wconf 63' lang='lat' dir='ltr'>‘rei-&#39;r</span> <span class='ocrx_word' id='word_1_259' title='bbox 464 2610 606 2649; x_wconf 70' lang='grc' dir='ltr'>ἀσμέτων</span> <span class='ocrx_word' id='word_1_260' title='bbox 632 2609 743 2651; x_wconf 62' lang='grc' dir='ltr'>ὕστερον</span> <span class='ocrx_word' id='word_1_261' title='bbox 765 2610 941 2645; x_wconf 66' lang='grc' dir='ltr'>συντεθῆναι,</span> <span class='ocrx_word' id='word_1_262' title='bbox 965 2607 1108 2639; x_wconf 79' lang='lat' dir='ltr'>videlicet</span> <span class='ocrx_word' id='word_1_263' title='bbox 1131 2619 1148 2638; x_wconf 84' lang='lat' dir='ltr'>a</span> <span class='ocrx_word' id='word_1_264' title='bbox 1165 2607 1334 2639; x_wconf 72' lang='lat' dir='ltr'>Pisistrato.</span> <span class='ocrx_word' id='word_1_265' title='bbox 1380 2606 1500 2637; x_wconf 84' lang='lat' dir='ltr'>AElian.</span> <span class='ocrx_word' id='word_1_266' title='bbox 1525 2607 1564 2636; x_wconf 90' lang='lat' dir='ltr'>V.</span> <span class='ocrx_word' id='word_1_267' title='bbox 1587 2607 1632 2636; x_wconf 86' lang='lat' dir='ltr'>H.</span> 
     </span>
     <span class='ocr_line' id='line_1_35' title="bbox 139 2649 1633 2696; baseline -0.002 -14"><span class='ocrx_word' id='word_1_268' title='bbox 139 2651 247 2696; x_wconf 72' lang='lat' dir='ltr'>XIII.</span> <span class='ocrx_word' id='word_1_269' title='bbox 275 2655 324 2683; x_wconf 79' lang='lat'>14.</span> <span class='ocrx_word' id='word_1_270' title='bbox 337 2653 484 2695; x_wconf 69' lang='grc' dir='ltr'>’Τστερον</span> <span class='ocrx_word' id='word_1_271' title='bbox 511 2655 632 2684; x_wconf 53' lang='lat' dir='ltr'>nuato«</span> <span class='ocrx_word' id='word_1_272' title='bbox 649 2665 717 2687; x_wconf 66' lang='grc' dir='ltr'>αφος</span> <span class='ocrx_word' id='word_1_273' title='bbox 744 2652 934 2692; x_wconf 64' lang='grc' dir='ltr'>συναγαγὼν,</span> <span class='ocrx_word' id='word_1_274' title='bbox 958 2651 1083 2692; x_wconf 56' lang='lat' dir='ltr'>&amp;orionus</span> <span class='ocrx_word' id='word_1_275' title='bbox 1109 2651 1160 2685; x_wconf 66' lang='grc' dir='ltr'>σὺν</span> <span class='ocrx_word' id='word_1_276' title='bbox 1186 2649 1300 2682; x_wconf 69' lang='grc' dir='ltr'>Ἰλιάδα</span> <span class='ocrx_word' id='word_1_277' title='bbox 1316 2650 1368 2680; x_wconf 77' lang='grc' dir='ltr'>καὶ</span> <span class='ocrx_word' id='word_1_278' title='bbox 1394 2650 1444 2683; x_wconf 62' lang='grc' dir='ltr'>τὴν</span> <span class='ocrx_word' id='word_1_279' title='bbox 1467 2649 1633 2680; x_wconf 71' lang='grc' dir='ltr'>Ὀδύσσειαν.</span> 
     </span>
     <span class='ocr_line' id='line_1_36' title="bbox 138 2666 1634 2737; baseline -0.003 -12"><span class='ocrx_word' id='word_1_280' title='bbox 138 2694 251 2726; x_wconf 75' lang='lat' dir='ltr'>Liban.</span> <span class='ocrx_word' id='word_1_281' title='bbox 267 2690 419 2736; x_wconf 67' lang='lat' dir='ltr'>panegyr.</span> <span class='ocrx_word' id='word_1_282' title='bbox 436 2695 470 2726; x_wconf 80' lang='lat' dir='ltr'>in</span> <span class='ocrx_word' id='word_1_283' title='bbox 485 2695 508 2727; x_wconf 85' lang='lat' dir='ltr'><strong>J</strong></span> <span class='ocrx_word' id='word_1_284' title='bbox 511 2694 607 2726; x_wconf 72' lang='lat' dir='ltr'>ullan.</span> <span class='ocrx_word' id='word_1_285' title='bbox 623 2666 661 2726; x_wconf 61' lang='lat' dir='ltr'>&#39;f&#39;-</span> <span class='ocrx_word' id='word_1_286' title='bbox 679 2695 707 2726; x_wconf 91' lang='grc' dir='ltr'>Ῑ.</span> <span class='ocrx_word' id='word_1_287' title='bbox 724 2705 752 2734; x_wconf 89' lang='lat' dir='ltr'>p.</span> <span class='ocrx_word' id='word_1_288' title='bbox 774 2697 842 2726; x_wconf 88' lang='lat'>170.</span> <span class='ocrx_word' id='word_1_289' title='bbox 856 2694 962 2725; x_wconf 75' lang='lat' dir='ltr'>Relsk.</span> <span class='ocrx_word' id='word_1_290' title='bbox 1006 2694 1212 2737; x_wconf 58' lang='lat' dir='ltr'>sstaaet&#39;aaeqoeeor</span> <span class='ocrx_word' id='word_1_291' title='bbox 1235 2693 1396 2732; x_wconf 64' lang='grc' dir='ltr'>ἰποιινοῦμεν</span> <span class='ocrx_word' id='word_1_292' title='bbox 1413 2693 1480 2735; x_wconf 63' lang='grc' dir='ltr'>ὑπὲρ</span> <span class='ocrx_word' id='word_1_293' title='bbox 1504 2693 1554 2725; x_wconf 66' lang='grc' dir='ltr'>τῖς</span> <span class='ocrx_word' id='word_1_294' title='bbox 1578 2692 1634 2722; x_wconf 68' lang='grc' dir='ltr'>τῦ»</span> 
     </span>
     <span class='ocr_line' id='line_1_37' title="bbox 139 2734 1633 2781; baseline -0.003 -12"><span class='ocrx_word' id='word_1_295' title='bbox 139 2737 252 2780; x_wconf 64' lang='grc' dir='ltr'>Ὀμῆςῳ</span> <span class='ocrx_word' id='word_1_296' title='bbox 267 2738 456 2778; x_wconf 58' lang='grc' dir='ltr'>πεσοιημίηιιι</span> <span class='ocrx_word' id='word_1_297' title='bbox 471 2740 632 2779; x_wconf 66' lang='grc' dir='ltr'><strong><em>συλλογῆς.</em></strong></span> <span class='ocrx_word' id='word_1_298' title='bbox 678 2737 792 2769; x_wconf 83' lang='lat' dir='ltr'>Suidas</span> <span class='ocrx_word' id='word_1_299' title='bbox 806 2748 833 2768; x_wconf 87' lang='lat' dir='ltr'>v.</span> <span class='ocrx_word' id='word_1_300' title='bbox 844 2739 968 2781; x_wconf 68' lang='grc' dir='ltr'><strong><em>’Όμηρος</em></strong></span> <span class='ocrx_word' id='word_1_301' title='bbox 979 2752 989 2769; x_wconf 92' lang='grc'>.·</span> <span class='ocrx_word' id='word_1_302' title='bbox 1008 2737 1148 2780; x_wconf 61' lang='lat' dir='ltr'>“Teneor</span> <span class='ocrx_word' id='word_1_303' title='bbox 1171 2738 1306 2769; x_wconf 61' lang='grc' dir='ltr'>συνετέθη</span> <span class='ocrx_word' id='word_1_304' title='bbox 1322 2737 1373 2766; x_wconf 76' lang='grc' dir='ltr'>καὶ</span> <span class='ocrx_word' id='word_1_305' title='bbox 1388 2735 1561 2774; x_wconf 65' lang='grc' dir='ltr'><strong><em>συνετάχθη</em></strong></span> <span class='ocrx_word' id='word_1_306' title='bbox 1578 2734 1633 2765; x_wconf 61' lang='grc' dir='ltr'>ὑπὶ</span> 
     </span>
     <span class='ocr_line' id='line_1_38' title="bbox 140 2777 1636 2825; baseline -0.003 -13"><span class='ocrx_word' id='word_1_307' title='bbox 140 2781 269 2816; x_wconf 61' lang='lat' dir='ltr'>wan-3⁹,</span> <span class='ocrx_word' id='word_1_308' title='bbox 285 2782 336 2811; x_wconf 70' lang='grc' dir='ltr'>καὶ</span> <span class='ocrx_word' id='word_1_309' title='bbox 349 2782 487 2821; x_wconf 70' lang='grc' dir='ltr'>μάλιστα</span> <span class='ocrx_word' id='word_1_310' title='bbox 501 2782 557 2813; x_wconf 60' lang='lat' dir='ltr'>toth</span> <span class='ocrx_word' id='word_1_311' title='bbox 573 2782 792 2825; x_wconf 63' lang='grc' dir='ltr'>Πεισιστράτου,</span> <span class='ocrx_word' id='word_1_312' title='bbox 809 2781 860 2812; x_wconf 66' lang='grc' dir='ltr'>τοῦ</span> <span class='ocrx_word' id='word_1_313' title='bbox 882 2781 937 2812; x_wconf 59' lang='lat' dir='ltr'>ez„</span> <span class='ocrx_word' id='word_1_314' title='bbox 957 2781 1116 2815; x_wconf 64' lang='grc' dir='ltr'>Ἀθηναίων</span> <span class='ocrx_word' id='word_1_315' title='bbox 1138 2781 1276 2823; x_wconf 64' lang='grc' dir='ltr'><strong><em>τυράννου.</em></strong></span> <span class='ocrx_word' id='word_1_316' title='bbox 1322 2778 1465 2809; x_wconf 74' lang='lat' dir='ltr'>Eustath.</span> <span class='ocrx_word' id='word_1_317' title='bbox 1481 2787 1509 2816; x_wconf 91' lang='lat' dir='ltr'>p.</span> <span class='ocrx_word' id='word_1_318' title='bbox 1526 2780 1554 2808; x_wconf 90' lang='grc'>5.</span> <span class='ocrx_word' id='word_1_319' title='bbox 1565 2777 1636 2808; x_wconf 71' lang='grc' dir='ltr'><strong><em>’Ότι</em></strong></span> 
     </span>
     <span class='ocr_line' id='line_1_39' title="bbox 138 2819 1633 2868; baseline -0.003 -14"><span class='ocrx_word' id='word_1_320' title='bbox 138 2822 167 2854; x_wconf 68' lang='grc' dir='ltr'>ἓν</span> <span class='ocrx_word' id='word_1_321' title='bbox 179 2823 232 2863; x_wconf 70' lang='grc' dir='ltr'>μίν</span> <span class='ocrx_word' id='word_1_322' title='bbox 248 2836 277 2854; x_wconf 68' lang='grc' dir='ltr'>τι</span> <span class='ocrx_word' id='word_1_323' title='bbox 299 2824 384 2862; x_wconf 66' lang='grc' dir='ltr'><strong><em>σοῗμι</em></strong></span> <span class='ocrx_word' id='word_1_324' title='bbox 397 2825 513 2865; x_wconf 65' lang='lat' dir='ltr'>aunxis</span> <span class='ocrx_word' id='word_1_325' title='bbox 528 2823 621 2856; x_wconf 73' lang='grc' dir='ltr'><strong><em>διόλου</em></strong></span> <span class='ocrx_word' id='word_1_326' title='bbox 635 2826 685 2855; x_wconf 70' lang='grc' dir='ltr'>καὶ</span> <span class='ocrx_word' id='word_1_327' title='bbox 702 2825 871 2868; x_wconf 60' lang='lat' dir='ltr'>:iigmor-rav</span> <span class='ocrx_word' id='word_1_328' title='bbox 886 2825 902 2857; x_wconf 71' lang='grc' dir='ltr'><strong>ἦ</strong></span> <span class='ocrx_word' id='word_1_329' title='bbox 921 2825 972 2859; x_wconf 67' lang='grc' dir='ltr'>τῆς</span> <span class='ocrx_word' id='word_1_330' title='bbox 986 2823 1108 2858; x_wconf 69' lang='grc' dir='ltr'>Ἰλιάδος</span> <span class='ocrx_word' id='word_1_331' title='bbox 1126 2823 1245 2857; x_wconf 62' lang='grc' dir='ltr'><strong><em>ποίησις·</em></strong></span> <span class='ocrx_word' id='word_1_332' title='bbox 1259 2823 1285 2853; x_wconf 78' lang='grc' dir='ltr'>οἱ</span> <span class='ocrx_word' id='word_1_333' title='bbox 1299 2820 1326 2852; x_wconf 70' lang='grc' dir='ltr'>δί</span> <span class='ocrx_word' id='word_1_334' title='bbox 1341 2820 1498 2859; x_wconf 53' lang='lat' dir='ltr'>cursianum</span> <span class='ocrx_word' id='word_1_335' title='bbox 1513 2819 1633 2854; x_wconf 63' lang='grc' dir='ltr'>ταύτην,</span> 
     </span>
     <span class='ocr_line' id='line_1_40' title="bbox 139 2862 1635 2911; baseline -0.003 -13"><span class='ocrx_word' id='word_1_336' title='bbox 139 2867 208 2898; x_wconf 63' lang='grc' dir='ltr'>κατ’</span> <span class='ocrx_word' id='word_1_337' title='bbox 225 2867 374 2907; x_wconf 65' lang='grc' dir='ltr'>ἔπιταγὺυ,</span> <span class='ocrx_word' id='word_1_338' title='bbox 391 2866 427 2902; x_wconf 66' lang='grc' dir='ltr'>ὅς</span> <span class='ocrx_word' id='word_1_339' title='bbox 444 2874 522 2906; x_wconf 74' lang='grc' dir='ltr'><strong><em>φασι,</em></strong></span> <span class='ocrx_word' id='word_1_340' title='bbox 542 2868 807 2911; x_wconf 61' lang='grc' dir='ltr'><strong><em>Πεισιστράτου-</em></strong></span> <span class='ocrx_word' id='word_1_341' title='bbox 819 2867 984 2908; x_wconf 81' lang='lat' dir='ltr'>Anonymi</span> <span class='ocrx_word' id='word_1_342' title='bbox 1005 2877 1055 2907; x_wconf 78' lang='lat' dir='ltr'>ap.</span> <span class='ocrx_word' id='word_1_343' title='bbox 1071 2866 1166 2898; x_wconf 78' lang='lat' dir='ltr'>Allat.</span> <span class='ocrx_word' id='word_1_344' title='bbox 1182 2866 1201 2896; x_wconf 86' lang='lat' dir='ltr'>l.</span> <span class='ocrx_word' id='word_1_345' title='bbox 1217 2876 1241 2896; x_wconf 93' lang='lat' dir='ltr'>c.</span> <span class='ocrx_word' id='word_1_346' title='bbox 1266 2867 1309 2896; x_wconf 72' lang='grc' dir='ltr'>Τὰ</span> <span class='ocrx_word' id='word_1_347' title='bbox 1336 2863 1363 2894; x_wconf 68' lang='grc' dir='ltr'>δὲ</span> <span class='ocrx_word' id='word_1_348' title='bbox 1379 2864 1530 2901; x_wconf 60' lang='grc' dir='ltr'>ποιήμασι</span> <span class='ocrx_word' id='word_1_349' title='bbox 1544 2862 1635 2894; x_wconf 59' lang='lat' dir='ltr'>abeas}</span> 
     </span>
     <span class='ocr_line' id='line_1_41' title="bbox 141 2904 1634 2953; baseline 0.001 -14"><span class='ocrx_word' id='word_1_350' title='bbox 141 2910 181 2940; x_wconf 72' lang='grc' dir='ltr'>τὰ</span> <span class='ocrx_word' id='word_1_351' title='bbox 195 2910 311 2947; x_wconf 66' lang='grc' dir='ltr'>ἀληθῆ,</span> <span class='ocrx_word' id='word_1_352' title='bbox 335 2909 402 2950; x_wconf 80' lang='lat' dir='ltr'>(sic.</span> <span class='ocrx_word' id='word_1_353' title='bbox 416 2908 484 2941; x_wconf 84' lang='lat' dir='ltr'>cod.</span> <span class='ocrx_word' id='word_1_354' title='bbox 501 2909 602 2950; x_wconf 77' lang='lat' dir='ltr'>Lips.)</span> <span class='ocrx_word' id='word_1_355' title='bbox 615 2910 768 2953; x_wconf 60' lang='grc' dir='ltr'>σποράδην</span> <span class='ocrx_word' id='word_1_356' title='bbox 784 2911 915 2953; x_wconf 58' lang='lat' dir='ltr'>mgis-230·</span> <span class='ocrx_word' id='word_1_357' title='bbox 933 2909 1064 2951; x_wconf 68' lang='grc' dir='ltr'>ᾀδὸμενα,</span> <span class='ocrx_word' id='word_1_358' title='bbox 1093 2909 1302 2952; x_wconf 59' lang='grc' dir='ltr'>Πεισίστρατος</span> <span class='ocrx_word' id='word_1_359' title='bbox 1326 2907 1475 2940; x_wconf 64' lang='grc' dir='ltr'>Ἀθηναῖος</span> <span class='ocrx_word' id='word_1_360' title='bbox 1501 2904 1634 2942; x_wconf 54' lang='lat' dir='ltr'>&amp;Usta-⁵3⁶</span> 
     </span>
    </p>
   </div>
  </div>
 </body>
</html>
