1856 3235
563 212 956 263 PROLEGOM
965 214 1122 263 ENA.
1532 220 1624 266 267

770 412 967 461 XLIII.

194 544 530 610 Antiquissimi
561 545 771 602 illorum,
817 545 1056 593 Zenodoti
1082 544 1296 609 Ephesii,
1335 561 1478 607 quem
1514 546 1612 610 epi-

124 629 235 660 cum
258 617 449 676 poetam
474 620 525 659 et
545 612 754 675 primum
777 612 990 676 διορθωτὴν
1028 611 1233 658 Homeri
1256 609 1403 658 fuisse
1439 612 1609 658 Suidas

120 677 269 726 refert
291 681 323 734 ²,
350 676 477 725 fama
501 694 688 741 semper
702 677 797 725 fuit
819 694 1051 741 perquam
1071 677 1312 740 ambigua.
1383 677 1511 723 Nam
1531 676 1611 723 alii

118 744 178 790 ab
201 743 399 806 ingenio
421 743 526 807 ejus
556 744 764 807 primum
787 743 1037 791 meliorem
1073 743 1260 790 cultum
1285 742 1458 789 horum
1495 742 1610 789 Car-

115 808 300 855 minum
324 817 554 872 repetunt
571 815 615 863 ῦς
643 809 737 865 alii,
763 810 813 855 in
838 809 1105 856 hisinfimae
1128 809 1285 856 aetatis
1310 807 1608 863 Scholiastae‚

115 872 253 920 illum
292 873 502 922 levitatis
549 882 599 922 et
639 875 787 922 studii
821 875 1112 938 ineptiarum
1148 874 1325 921 acriter
1358 882 1607 921 accusant.

114 938 196 986 Ac
221 955 336 987 sane
358 940 580 1004 plurimae
601 940 839 989 lectiones
864 942 966 1004 ejus
990 949 1089 987 tam
1114 947 1228 987 sunt
1250 939 1608 1003 improbabiles,

116 1013 166 1052 et
190 1022 218 1052 a
240 1013 379 1053 tanta
399 1007 675 1054 temeritate
691 1006 867 1070 judicii
891 1005 1140 1070 profectae,
1166 1013 1222 1053 ut
1244 1006 1312 1052 ita
1347 1004 1611 1052 emendare

113 1069 192 1118 vel
226 1071 436 1120 tironem
459 1072 606 1120 hodie
628 1072 812 1136 pudeat
835 1085 875 1131 03
908 1073 1133 1127 &Sterhffzcov
1168 1079 1331 1119 autem
1361 1078 1499 1118 tanta
1533 1078 1608 1118 est

160 1217 179 1238 a
200 1207 238 1238 T.
257 1207 305 1238 ΙΙ.
327 1217 356 1247 p.
371 1211 401 1238 8.
446 1207 496 1238 Ibi
516 1207 675 1248 quomodo
689 1207 905 1247 accipiendum
919 1207 966 1243 sit,
989 1207 1075 1248 quod
1085 1208 1206 1247 primus
1231 1205 1354 1241 dicitur,
1378 1213 1472 1236 nemo
1487 1209 1607 1244 quaerat

116 1256 187 1290 post
208 1250 383 1281 Kiisterum
398 1257 429 1281 et
445 1251 623 1281 Fabricium
639 1262 668 1290 p.
683 1254 756 1281 562.
802 1251 961 1286 Quoniam
977 1257 1091 1286 autem,
1116 1250 1227 1280 eodem
1244 1249 1342 1279 Suida
1365 1256 1498 1282 auctore,
1527 1247 1608 1277 alius

117 1294 299 1324 zenodotus
327 1293 389 1323 fuit
418 1294 662 1329 Alexandrinus,
692 1294 875 1324 Aristarcho
899 1304 1013 1333 suppar
1039 1300 1071 1323 et
1094 1293 1294 1327 adversarius,
1319 1292 1527 1322 necessarium
1551 1296 1607 1325 est,

117 1336 214 1377 hujus
227 1347 299 1377 quae
314 1337 382 1371 sint,
407 1347 478 1377 quae
503 1336 596 1371 illius,
620 1337 820 1377 distinguere.
866 1337 1001 1366 Addunt
1026 1342 1174 1375 praeterea
1191 1335 1314 1366 Scholia
1330 1336 1362 1364 in
1392 1336 1479 1364 Arat.
1497 1334 1606 1363 Phaen.

114 1382 167 1410 55.
189 1386 221 1410 et
234 1379 378 1410 Eustath.
400 1391 429 1419 p.
447 1383 517 1410 957.
544 1383 634 1410 1006.
656 1380 784 1410 tertium
799 1381 867 1420 ejus
881 1379 1026 1416 nominis
1051 1379 1214 1414 Malloten,
1238 1378 1375 1408 eundem
1391 1377 1528 1412 fortasse,
1551 1376 1608 1416 qui

118 1423 290 1465 Κρατήτειος
306 1429 434 1453 vocatur
449 1422 483 1452 in
504 1423 618 1452 Scholl.
633 1423 672 1452 ad
688 1423 735 1461 ψ’.
752 1426 801 1454 79.
849 1422 908 1452 Sed
925 1429 959 1452 ut
973 1422 1076 1452 dIcam
1091 1422 1174 1462 quod
1189 1421 1297 1456 sentio,
1321 1432 1361 1451 ne
1377 1422 1461 1450 hunc
1477 1419 1608 1460 quidem

116 1466 156 1496 ab
171 1465 269 1496 altero
290 1465 345 1496 illo
371 1466 529 1496 diversum
555 1466 726 1500 habuerim,
751 1471 789 1496 ut
802 1466 841 1495 ab
867 1465 935 1495 aliis
956 1476 975 1496 a
995 1466 1093 1505 patria
1118 1465 1274 1498 Mallotes,
1298 1466 1336 1494 ab
1362 1464 1430 1494 aliis
1457 1473 1495 1492 ex
1519 1472 1609 1492 more

116 1509 216 1538 aetatis
231 1508 314 1538 illius
329 1508 564 1539 Alexandrinus
579 1519 597 1538 a
611 1509 770 1539 domicilio
783 1508 886 1538 dictus
906 1509 954 1544 sit,
980 1508 1135 1549 fueritque
1157 1508 1190 1537 in
1216 1508 1255 1537 iis
1277 1507 1409 1538 Cratetis
1435 1505 1607 1546 discipulis,

116 1551 171 1591 qui
186 1551 327 1592 magistri
341 1552 390 1582 sui
405 1552 637 1582 contentionem
661 1562 735 1582 cum
759 1552 948 1588 Aristarcho,
973 1558 1009 1581 ut
1034 1551 1077 1585 fit,
1101 1561 1189 1581 suam
1216 1550 1362 1581 facerent.
1406 1550 1482 1581 Jam
1507 1558 1609 1589 quum

115 1594 151 1624 in
167 1594 248 1624 Ven.
265 1594 397 1625 Scholiis
411 1600 458 1624 tot
472 1595 556 1630 locis,
579 1601 707 1634 excepto
723 1604 788 1624 uno
812 1595 880 1630 isto,
904 1604 1025 1633 semper
1050 1593 1231 1624 Zenodotus
1256 1594 1429 1633 appelletur
1455 1592 1610 1631 simplici-

115 1642 171 1673 ter,
194 1638 385 1676 compositus
399 1637 492 1667 etiarn
508 1638 555 1668 vel
581 1638 764 1677 praepositus
791 1637 994 1676 Aristophani
1018 1644 1049 1667 et
1074 1637 1264 1672 Aristarcho,
1290 1636 1457 1677 omniaque
1483 1635 1529 1664 illi
1553 1635 1611 1664 tri-

115 1680 192 1710 buta
215 1679 254 1710 ad
270 1680 403 1710 eandem
418 1681 571 1711 rationem
596 1687 628 1711 et
640 1680 777 1711 formam
798 1680 917 1720 ingenii
934 1680 1116 1715 referantur,
1140 1680 1232 1719 plane
1258 1690 1323 1709 non
1348 1679 1466 1714 dubito,
1489 1679 1609 1718 ubique

114 1722 181 1753 fere
196 1722 281 1762 apud
294 1723 399 1763 Intpp.
417 1724 553 1754 Homeri
570 1725 734 1764 Ephesium
753 1726 899 1755 Criticum
916 1723 1166 1764 intelligendum,
1190 1729 1221 1753 et
1235 1722 1260 1752 si
1285 1733 1347 1763 qua
1372 1724 1500 1752 alterius
1523 1722 1609 1751 Mal-

115 1767 184 1797 lotae
205 1774 372 1806 supersunt
385 1767 419 1796 in
435 1766 480 1803 iis,
504 1778 574 1807 quae
588 1767 702 1806 passim
726 1767 871 1797 adversus
888 1767 1104 1797 Aristarchum
1122 1773 1300 1801 monentur,
1328 1776 1366 1795 ea
1386 1765 1454 1795 sine
1478 1764 1611 1794 nomine

115 1809 157 1840 ad
169 1819 226 1840 nos
240 1809 356 1848 perlata
371 1820 445 1841 esse.
480 1810 639 1851 Equidem
653 1821 706 1841 sex
718 1816 835 1849 septem
849 1809 924 1840 locis
941 1810 1138 1840 Scholiorum
1151 1809 1320 1849 aliquando
1334 1810 1368 1839 in
1379 1807 1610 1838 dubitationem

114 1861 167 1882 me
181 1851 351 1883 adductum
367 1853 515 1889 memini;
537 1864 647 1884 verum
661 1853 846 1894 diligentius
867 1853 1026 1892 explorata
1051 1864 1100 1884 res
1124 1853 1263 1892 primum
1287 1852 1468 1891 adspectum
1495 1850 1609 1881 confir-

115 1895 220 1926 mavit.
264 1895 450 1937 Eodemque
464 1907 522 1926 nos
535 1897 589 1927 alii
604 1898 765 1936 scriptores
788 1896 917 1933 ducunt,
943 1897 1063 1933 Strabo,
1090 1897 1272 1931 Athenaeus
1290 1895 1488 1935 :Apollonius
1515 1892 1610 1924 Alex.

116 1944 173 1969 etc.

157 1982 178 2012 b
201 1981 393 2014 Celebraein
408 1983 490 2013 hanc
503 1983 691 2014 sententiam
706 1993 812 2014 versus
833 1988 909 2014 sunt
932 1982 1068 2014 Ausonii
1092 1983 1125 2013 in
1151 1981 1244 2014 Ludo
1259 1982 1333 2014 VII
1358 1980 1554 2020 Sapientum,

374 2068 516 2099 Maeonio
529 2069 654 2110 qualem
669 2069 790 2100 cultum
805 2068 947 2110 quaesivit
969 2069 1115 2099 Homero

417 2111 537 2142 Censor
552 2115 753 2144 Aristarchus
769 2123 941 2153 numaque
965 2114 1121 2143 Zenodoti.

118 2197 230 2237 Neque
243 2195 342 2226 alium
356 2198 396 2227 ab
409 2197 519 2228 eodem
535 2199 626 2238 poeta
641 2198 809 2239 significari
824 2204 902 2238 puto
915 2199 1016 2238 Epist.
1040 2199 1181 2229 XVIII.
1205 2202 1254 2229 28.
1277 2197 1334 2229 ubi
1355 2202 1466 2237 praeter
1489 2196 1606 2227 Varro-

114 2250 189 2271 nem
205 2245 236 2271 et
259 2239 337 2270 alios
359 2240 489 2272 Latinos
504 2241 538 2272 in
552 2252 686 2273 numero
703 2242 890 2273 Criticorum
906 2248 1068 2282 ponuntur
1085 2242 1201 2278 Crates,
1227 2242 1436 2278 Aristarchus

375 2331 502 2373 Quique
516 2333 594 2363 sacri
608 2332 748 2364 lacerum
765 2332 892 2374 collegit
906 2343 1018 2373 corpus
1033 2332 1180 2363 Homeri.

116 2420 278 2453 Pisistrato
292 2423 343 2453 hic
358 2422 446 2454 locus
461 2433 524 2453 non
540 2430 594 2458 est.
617 2424 720 2455 multo
743 2425 849 2456 minus
866 2426 1027 2465 Cynaetho,
1052 2431 1088 2456 ut
1102 2435 1203 2465 nuper
1216 2425 1264 2455 vir
1277 2425 1389 2456 doctus
1403 2425 1542 2464 putabat.

157 2474 175 2495 c
199 2465 386 2504 Speciminis
411 2467 478 2497 loco
493 2467 544 2497 hic
571 2477 687 2506 paucas
703 2469 852 2509 quasdam
878 2479 916 2499 ex
940 2470 1096 2499 immenso
1118 2479 1252 2499 numero
1265 2469 1428 2509 subjiciam
1447 2468 1603 2502 lectiones,

114 2517 228 2549 easque
243 2518 308 2539 non
322 2519 360 2540 eo
374 2509 504 2540 consilio
518 2517 684 2549 excerptas,
707 2518 742 2541 ut
757 2512 891 2551 pessima
906 2522 976 2551 pars
992 2510 1162 2542 Zenodotei
1178 2519 1280 2542 textus
1305 2519 1520 2552 cognoscatur.
1568 2513 1607 2540 Α.

115 2553 167 2581 68.
190 2551 276 2582 dedit
291 2554 457 2593 ἐκαθέζετο,
481 2553 534 2583 ulli
560 2554 661 2584 Schol.
684 2555 745 2585 Οἷα
772 2557 805 2595 io}
829 2561 862 2585 Z.
887 2555 1042 2594 ἑλληνίζειν
1068 2556 1114 2586 τὸν
1129 2556 1264 2596 ’Όμηροω
1283 2557 1336 2585 80.
1361 2557 1488 2597 κρείσσω,
1512 2563 1609 2595 quam

116 2592 251 2624 formam
267 2595 361 2626 etiam
386 2598 418 2625 in
443 2596 598 2626 similibus
619 2598 730 2633 tenuit,
754 2604 790 2628 ut
815 2601 887 2629 249.
911 2599 1036 2638 γλυκῖω.
1079 2601 1150 2629 551.
1171 2601 1273 2641 χεῖρας
1301 2600 1449 2632 &vamba
1492 2598 1531 2637 γ’.
1558 2600 1609 2627 56.

116 2637 202 2676 'spirtu
224 2638 377 2678 ἰλεῆμονες.
401 2641 443 2680 (v.
469 2640 508 2670 ad
537 2643 607 2670 455.
632 2647 663 2670 et
689 2641 723 2673 η’.
747 2641 836 2679 590.)
861 2644 930 2672 273.
952 2642 1052 2683 ’Λρνῧν
1077 2642 1109 2672 ἔκ
1133 2644 1301 2682 κεφαλαίων
1326 2652 1375 2680 ap.
1392 2642 1498 2681 Etym.
1517 2640 1562 2670 M.
1580 2649 1608 2678 p.

115 2682 191 2710 507.
238 2680 265 2711 ι’.
282 2685 332 2712 53.
354 2685 499 2723 χραῖσμεν
514 2685 652 2714 θανά-τωο
669 2685 797 2725 πέλωρα.
841 2683 963 2722 {2112
986 2685 1088 2727 ’Λιὲρες
1104 2685 1170 2716 ’ἕστε
1195 2686 1265 2720 θοοὶ,
1289 2687 1340 2715 καὶ
1365 2686 1501 2723 ἀμύητον
1525 2683 1616 2713 ἄστεϊ

117 2721 222 2758 λέβηι.
265 2723 308 2754 θ’.
334 2728 404 2755 128.
431 2727 686 2768 Ἐςασιπτόλεμτη
711 2727 818 2757 relicto
842 2735 948 2757 tamen
971 2730 1046 2758 312.
1072 2729 1322 2771 Ἀρχεττὸλεμον,
1344 2731 1416 2758 501.
1460 2727 1520 2757 im>
1546 2726 1609 2759 Διὸς

115 2765 259 2807 ἔΐρέΐῐπ
281 2769 348 2808 Perit
373 2779 411 2798 ex
439 2769 474 2798 κ’.
499 2772 548 2800 45.
572 2770 625 2799 ubi
650 2780 676 2798 V.
707 2770 820 2800 Scholl.
865 2774 936 2801 558.
961 2772 1055 2814 Μαρία
1081 2770 1104 2801 δ’
1120 2773 1145 2802 ἓν
1167 2772 1270 2810 πεδίῳ.
1315 2771 1340 2801 ι’.
1358 2774 1428 2801 657.
1444 2769 1554 2811 ’Λθρόοι
1578 2769 1609 2798 ἔκ

115 2809 244 2839 Aemi..
289 2811 326 2840 κ’.
352 2814 424 2842 506.
446 2813 553 2846 Αὐτοὺς
582 2815 607 2843 οἳ
631 2813 767 2854 φορέουσιν
793 2813 928 2852 ἀμύμονι
953 2814 1115 2847 Πηλείωνα.
1159 2814 1198 2845 λ’.
1223 2818 1273 2845 27.
1295 2813 1450 2854 Ἐρίόεσσιν-
1494 2812 1534 2848 μ’.
1557 2814 1610 2842 54-

116 2850 151 2885 ὦς
167 2851 302 2890 ἤμελλεν.
344 2855 429 2885 'Em-i
444 2853 471 2885 33
486 2858 641 2899 βάρβαρον,
664 2856 750 2886 addit
767 2856 869 2887 Schol.
886 2859 936 2887 75.
960 2857 1016 2897 ἆγε
1042 2858 1097 2891 τὼς
1116 2858 1160 2888 ἄν.
1208 2860 1275 2887 153.
1299 2858 1422 2887 λάεσσιν.
1468 2858 1538 2884 444.
1552 2855 1610 2888 ios-u

119 2894 188 2926 θεοῦ
199 2895 301 2928 ’ἔκλυον
315 2896 407 2931 abbir.
451 2898 484 2936 ξ’.
511 2902 578 2929 177.
604 2900 710 2935 καλοὺς
734 2901 787 2931 m>
811 2900 972 2940 μεγάλους,
1015 2899 1047 2932 o'.
1077 2903 1144 2932 154.
1169 2900 1269 2944 Αὐτὰρ
1295 2902 1352 2933 «τοῖς
1378 2900 1494 2932 ἄλλοισι
1522 2897 1612 2934 Qing
