1856 3235
625 192 1120 242 PROLEGOMEN
1128 195 1190 241 A.
1561 204 1649 245 291

211 329 285 377 At
315 327 509 377 brevius
533 324 679 372 etiam
704 323 943 370 dicendus
979 324 1118 371 nobis
1144 323 1458 374 Aristarchus
1494 328 1643 377 inter-

143 411 269 459 pres.
339 394 419 440 De
443 407 540 454 quo
579 397 745 437 tamen
769 397 825 436 ut
848 388 968 435 nihil
1009 390 1229 445 sciamus,
1257 391 1349 438 nisi
1374 393 1506 456 quod
1529 394 1642 443 alle-

142 460 359 524 goricam
382 458 620 504 rationem
658 454 1015 517 interpretandi
1039 455 1348 518 improbavit,
1389 466 1439 505 et
1464 459 1642 508 doctri.

145 542 257 573 nam
300 522 503 571 Homeri
545 520 905 584 angustioribus
940 519 1115 567 finibus
1149 520 1364 578 inclusit,
1408 524 1470 571 de
1491 525 1642 589 ipsius

140 590 300 638 sobrio
314 588 506 652 judicio
524 589 651 635 bene
670 585 1048 633 existimandum
1065 586 1126 633 sit
1145 591 1176 633 ἃ.
1249 586 1419 651 Atque
1438 593 1638 641 omnino

140 656 234 703 hac
257 653 442 717 ingenii
466 653 516 700 vi
542 669 654 701 eum
680 651 1136 716 valuisse,'indeque
1156 652 1318 709 etiarn,
1340 662 1396 701 ut
1418 654 1487 711 fit,
1510 674 1638 719 quae-

139 721 248 768 dam
277 719 395 768 vitia
418 718 521 782 ejus
556 718 839 773 manavisse,
874 717 1039 765 multis
1071 719 1372 781 argumentis
1407 720 1637 787 intelligi-

134 794 230 833 tur.
300 785 429 833 Nam
448 793 498 832 et
520 786 888 849 grammaticam
908 782 1212 846 diligentiam
1229 783 1462 848 jejunius
1490 804 1637 850 quam

134 867 334 900 necesse
375 860 492 907 erat,
530 850 767 914 quaesivit,
805 858 855 896 et
879 850 1164 897 audaciores
1198 852 1636 918 generosioresque

133 916 399 965 sententias
423 921 583 980 poetae
609 915 827 979 corrupit
850 931 948 962 non
973 932 1096 971 raro,
1123 932 1220 978 quo
1245 933 1324 964 eas
1347 918 1547 981 propius
1571 921 1635 969 ad

128 990 352 1035 naturam
376 990 427 1030 et
448 982 705 1030 veritatem
729 980 1003 1028 reduceret.
1072 981 1258 1029 Paucas
1299 983 1496 1046 quidem
1524 985 1629 1048 ejus

130 1048 496 1096 emendationes
538 1056 587 1095 et
628 1047 935 1111 conjecturas
976 1047 1026 1093 in
1072 1046 1291 1095 Homero
1330 1057 1379 1095 et
1419 1049 1631 1100 Pindaro

130 1122 266 1162 certo
303 1113 645 1177 cognovimus3
683 1130 776 1161 nec
801 1121 965 1160 tamen
1000 1113 1050 1158 in
1075 1112 1169 1160 hoc
1205 1130 1410 1162 numero
1451 1115 1631 1166 desunt

129 1180 397 1243 specimina
441 1179 747 1242 ψυχρολογίας,
790 1178 841 1224 in
889 1179 1203 1226 emendatore
1249 1183 1408 1242 poetae
1448 1197 1629 1245 nequa-

126 1262 271 1310 quam
304 1244 520 1293 ferendae
539 1245 573 1292 ¹².
646 1244 894 1300 Quocirca
930 1244 969 1291 si
1010 1260 1069 1292 ex
1105 1243 1199 1291 illis
1235 1245 1472 1309 exemplis
1514 1249 1627 1298 solis

124 1389 182 1409 vss.
199 1379 240 1418 Il..
262 1381 298 1410 κ’.
313 1382 384 1410 511.
410 1381 482 1411 398.
505 1384 536 1410 et
554 1378 664 1419 Odyss.
687 1380 726 1410 α’.
747 1381 816 1409 117.
842 1381 915 1409 402.
939 1378 1047 1409 confer
1074 1379 1222 1417 Apollon.
1248 1379 1310 1410 Rh.
1328 1380 1390 1411 IV.
1417 1383 1508 1412 1527.
1528 1385 1629 1416 1553„

128 1429 159 1452 et
174 1428 330 1453 auctorem
357 1422 512 1456 Δολωνείας
528 1422 614 1452 haud
628 1421 711 1452 male
731 1421 874 1452 locutum
895 1422 1028 1458 senties;
1056 1432 1157 1462 neque
1180 1422 1350 1464 releganda
1373 1424 1482 1454 omnia
1503 1426 1628 1463 putabis

126 1465 166 1495 ad
188 1466 396 1496 barbarismos
417 1472 449 1496 et
463 1465 660 1500 soloecismos,
687 1475 756 1505 quae
781 1465 980 1495 Aristarchus
1001 1472 1239 1505 compunxerat.
1295 1467 1426 1496 Abusus
1452 1477 1524 1498 vero
1549 1478 1626 1500 ana.

120 1508 214 1548 logiae
238 1508 291 1538 ille
312 1509 345 1538 in
372 1508 547 1547 possessivis
572 1508 811 1547 pronominibus
836 1514 924 1537 tanto
948 1508 1068 1538 facilior
1094 1508 1162 1542 fuit,
1189 1510 1215 1539 si
1242 1519 1279 1539 ea
1303 1510 1344 1540 ad
1368 1511 1534 1540 obscuram
1567 1522 1624 1542 no-

123 1552 243 1581 tionem
259 1552 311 1582 τοῦ
335 1551 404 1582 ἰδίου
417 1551 601 1586 referebant,
633 1551 679 1581 uti
698 1551 906 1581 Grammatici
930 1551 1058 1582 faciunt.
1105 1551 1189 1582 Vide
1203 1552 1306 1582 Tzetz.
1329 1552 1369 1582 ad
1386 1553 1520 1584 Hesiod.
1539 1555 1629 1598 ’'Egy.

122 1598 193 1625 152.
239 1595 365 1624 Canteri
395 1595 474 1624 Nov.
498 1594 596 1624 Lectt.
622 1595 662 1624 V.
686 1598 733 1624 15.
758 1594 896 1624 Brunck.
921 1594 961 1624 ad
986 1594 1124 1635 AEschyl.
1154 1595 1257 1626 Prom.
1287 1600 1316 1627 9.
1347 1596 1448 1626 Alteri
1471 1597 1567 1627 Praef.
1583 1598 1625 1629 ad

124 1636 234 1677 Odyss.
250 1648 278 1676 p.
294 1641 346 1667 41.
363 1648 426 1678 sqq.

159 1690 178 1709 a
195 1680 268 1710 Hoc
282 1682 435 1720 posterius
450 1690 488 1710 ex
505 1680 605 1710 Strab.
623 1680 651 1709 I.
667 1690 694 1718 p.
717 1684 769 1710 51.
784 1679 1001 1720 similibusque
1016 1680 1156 1720 vestigiis
1182 1681 1306 1722 colligo.
1353 1681 1435 1717 Quae
1450 1687 1557 1713 autem
1585 1683 1621 1716 in

120 1722 234 1753 Scholl.
255 1723 295 1754 ad
310 1723 597 1763 interpretationem
615 1729 763 1762 spectant,
789 1733 876 1762 paene
891 1723 997 1753 omnia
1013 1723 1121 1753 minus
1144 1725 1253 1764 gravia
1267 1729 1350 1759 sunt,
1368 1726 1468 1755 multa
1490 1725 1570 1757 adeo
1585 1727 1622 1758 in

117 1764 262 1797 facilibus
275 1766 388 1807 glossis
412 1773 571 1805 occupata.
616 1765 701 1796 Vide
715 1766 754 1796 ad
769 1770 806 1802 β’.
834 1769 904 1796 271.
933 1766 1000 1796 Cat.
1016 1769 1088 1797 316.
1105 1767 1190 1808 quod
1214 1767 1383 1807 saepissime
1399 1768 1558 1807 repetitur.
1585 1769 1621 1801 δ’.

116 1812 190 1839 545.
209 1809 263 1851 (cf.
279 1810 429 1849 Apollon.
459 1810 551 1840 Alex.
571 1809 620 1839 II.
637 1819 664 1848 p.
688 1810 772 1849 166.)
788 1809 812 1840 ι’.
828 1813 878 1840 90.
903 1811 939 1839 κ’.
953 1812 1026 1840 551.
1044 1813 1081 1840 λ’.
1097 1813 1171 1840 651.
1195 1821 1258 1851 sqq.
1281 1810 1324 1851 μ’.
1340 1814 1412 1842 258.
1437 1814 1463 1842 ν’.
1481 1815 1530 1843 82.
1547 1817 1622 1844 564.

115 1852 149 1891 ξ’.
165 1856 236 1883 216.
254 1855 295 1884 τ’.
311 1856 361 1885 59.
373 1855 407 1884 σ’-
423 1855 494 1883 570.
519 1855 550 1884 ν’.
565 1855 638 1883 557.
654 1855 690 1892 φ’.
706 1856 779 1884 519.
794 1856 866 1883 344.
884 1852 932 1891 ψ’.
949 1855 1023 1883 565.
1037 1856 1110 1883 587.
1127 1857 1199 1884 638.
1217 1857 1289 1885 826.
1312 1856 1385 1886 870.
1399 1854 1439 1885 ω’.
1455 1857 1531 1886 315.
1546 1859 1620 1888 516.

118 1901 176 1926 etc.
221 1896 404 1932 ,Estheticzu
428 1906 497 1936 quae
513 1902 671 1931 vocantur,
696 1896 730 1925 in
745 1895 806 1925 illis
821 1896 929 1925 insunt
944 1906 1107 1934 perpauca,
1124 1903 1161 1926 ut
1176 1896 1216 1926 ad
1232 1897 1274 1928 π’.
1294 1899 1366 1928 170.
1391 1899 1403 1939 ζ
1406 1897 1460 1928 ubi
1476 1897 1618 1930 dissentit

123 1949 142 1969 a
157 1938 274 1979 Thuc.)
299 1945 331 1969 et
351 1942 396 1980 χ’.
423 1942 495 1970 468.
548 1939 600 1969 De
626 1939 799 1969 Aristarchi
826 1939 1033 1976 explicatione
1056 1940 1280 1970 vocabulorum
1302 1940 1377 1970 alibi
1399 1951 1438 1971 ex
1465 1941 1620 1974 industria

120 1982 279 2022 agendum
295 1982 361 2015 erit,
384 1982 525 2012 adhibito
549 1982 719 2021 Hesychio‚
745 1983 882 2021 Etymol.
908 1982 956 2011 M.
974 1988 1006 2011 et
1028 1983 1148 2012 caeteris
1179 1983 1430 2024 Lexicographis,
1454 1984 1509 2025 qui
1533 1985 1619 2016 illius

123 2025 374 2055 Commentarios
387 2024 524 2055 studiose
536 2025 755 2064 compilarunt.

161 2069 180 2098 b
205 2068 278 2099 Non
293 2068 421 2109 quidem
435 2068 507 2107 plus
522 2075 569 2098 ter
583 2075 637 2098 aut
652 2075 761 2108 quater
781 2067 866 2097 illius
881 2068 1088 2098 correctiones
1110 2068 1285 2099 afferuntur
1299 2069 1351 2105 ita,
1369 2075 1404 2100 ut
1425 2071 1618 2111 conjecturas

116 2121 182 2141 esse
198 2111 317 2151 liquido
332 2117 457 2147 constet,
475 2122 501 2141 V.
518 2122 543 2142 c.
559 2111 599 2141 ad
614 2113 655 2142 θ’.
671 2114 742 2142 5255.
759 2111 869 2141 *Ha-‘rou
884 2112 918 2141 ἂν
930 2118 1011 2151 φησιν
1032 2111 1226 2155 Ἀρίσταρχος
1250 2111 1421 2144 ὄνειδῖστικον
1446 2113 1520 2150 εἶναι,
1539 2116 1598 2147 ti'aer

113 2153 202 2188 οὕτως
218 2155 543 2198 ἑγίγραττο,“Ἐκτσξοε
567 2154 591 2194 ᾧ
611 2153 642 2188 δὴ
658 2153 738 2188 κῦδος
760 2154 921 2193 Ὀλύμπιος
943 2155 1030 2187 αὒτδς
1053 2156 1162 2195 ὄτοίζει,
1180 2162 1211 2185 et
1225 2155 1265 2185 ad
1281 2159 1321 2187 π’.
1339 2159 1411 2187 656.
1429 2157 1556 2196 ’Ἄμεινον
1579 2160 1615 2190 ἂν

115 2197 187 2237 εἶχε,
204 2199 286 2237 φησὶν
301 2198 313 2228 ὅ
327 2198 531 2240 Ἀρίσταρχος,
548 2199 572 2228 εἰ
587 2198 766 2240 ἐγέγραπτο,
781 2198 853 2233 βοῦν
869 2196 899 2228 εὖ
915 2199 1066 2233 ποιητάων,
1083 2198 1150 2229 sine
1165 2199 1289 2238 copula,
1312 2210 1407 2240 quam
1429 2201 1525 2230 etiam
1542 2202 1613 2233 Eu·

115 2240 206 2270 stath.
224 2250 288 2271 non
310 2241 459 2281 agnoscit.
504 2241 566 2272 Sed
584 2251 686 2270 errare
708 2240 786 2271 mihi
810 2251 875 2270 non
897 2240 1012 2277 videor,
1037 2242 1062 2271 si
1077 2241 1152 2273 huic
1166 2243 1274 2283 generi
1289 2243 1347 2273 has
1357 2253 1481 2284 quoque
1503 2254 1614 2276 emen-

115 2282 258 2314 dationes
272 2293 456 2314 annumero.
481 2287 525 2315 Θ’.
542 2287 614 2315 255.
632 2284 754 2324 jactant
772 2283 876 2314 Graeci
898 2283 980 2314 inter
1002 2284 1123 2323 pocula,
1148 2295 1406 2326 unumquemque
1429 2297 1494 2317 suoe
1509 2289 1614 2328 gentis

113 2326 217 2357 solum
243 2337 317 2357 cum
335 2329 396 2357 loo
410 2327 458 2357 vel
474 2331 538 2358 200
552 2327 699 2367 Trojanis
722 2338 952 2367 congressurum
974 2338 1035 2359 esse
1052 2330 1085 2358 in
1105 2331 1224 2368 praelio.
1270 2329 1354 2359 Nam
1376 2331 1462 2361 hunc
1483 2341 1613 2364 sensum

112 2369 228 2400 habent
243 2371 342 2405 verba,
359 2371 427 2401 ἄνθ’
442 2371 544 2401 ἔκατόν
559 2384 590 2401 τε
605 2370 747 2404 διηκοσίων
760 2384 799 2406 τε,
816 2371 837 2401 i.
854 2381 880 2401 e.
897 2372 972 2402 ἄντα
987 2371 1110 2403 adverb.
1126 2382 1183 2411 pro
1197 2382 1260 2413 quo
1275 2383 1356 2412 saepe
1372 2374 1467 2404 ἀντίαν
1484 2384 1507 2403 5.
1522 2376 1610 2407 ἀντίαι

113 2412 237 2444 dicitur.
283 2413 346 2443 Sed
360 2413 427 2443 haec
444 2414 626 2444 Aristarcho
640 2414 739 2444 nimia
754 2414 915 2444 videbatur
933 2413 1092 2454 jactantia,
1109 2415 1157 2445 vel
1179 2415 1212 2446 in
1228 2415 1328 2452 ebriis,
1351 2417 1480 2457 soloque
1501 2422 1612 2449 tenore

111 2456 231 2495 abjecto
245 2456 385 2492 correxit,
401 2457 514 2486 leniter
527 2457 652 2492 scilicet,
669 2458 743 2493 ἀνθ’,
757 2457 776 2486 i.
787 2468 814 2488 e.
825 2459 891 2488 ἀντὶ
905 2468 1042 2496 ρτωρο5.,
1059 2464 1095 2489 ut
1106 2459 1277 2489 modestius
1292 2460 1497 2496 minarentur,
1515 2463 1610 2492 verbo

111 2504 210 2535 tenus,
234 2510 478 2540 unumquemque
496 2503 559 2530 200
579 2501 781 2539 Troianorum
794 2500 1014 2541 fortitudinem
1030 2508 1235 2542 aequaturum‚
1253 2504 1371 2545 ι’σοβοιρῖἦ
1386 2504 1509 2535 ’ἕκαστον
1526 2506 1610 2544 ’γενή-

111 2543 215 2573 οεσθιιι
232 2543 333 2574 inm-3»
349 2542 367 2576 ἢ
383 2542 539 2574 διακοσίων.
585 2543 650 2573 Hic
671 2549 703 2573 et
717 2543 825 2573 multis
840 2543 909 2574 aliis
926 2544 1001 2574 locis
1022 2554 1060 2574 ex
1085 2545 1187 2576 Schol.
1204 2545 1307 2576 lucem
1331 2547 1442 2586 accipit
1458 2548 1611 2586 Aponon.

111 2584 187 2615 Lex.
203 2595 231 2616 v·
246 2586 320 2617 ἐντί.
363 2589 406 2617 0’.
419 2587 492 2617 417.
508 2585 637 2625 pluralis
654 2588 717 2620 νῆας
733 2586 892 2626 displicuit
909 2587 1099 2623 Aristarcho,
1116 2589 1191 2629 quia
1206 2589 1301 2620 modo
1322 2589 1442 2619 dictum
1458 2596 1545 2625 esset,
1564 2591 1610 2620 Τὸ

113 2626 141 2658 δὲ
153 2629 220 2667 μιῆς
237 2630 299 2672 περὶ
315 2629 372 2664 νηὸς
389 2630 458 2670 ἕχον
475 2630 572 2666 wiron
596 2629 666 2659 ideo
681 2630 800 2669 scripsit
817 2631 876 2662 νῆα.
895 2630 948 2660 ,α’-
971 2634 1042 2662 656.
1059 2630 1160 2661 eidem
1178 2634 1305 2663 verbum
1323 2634 1510 2676 ταρπώμεθα
1525 2633 1609 2664 male

111 2671 276 2702 convenire
292 2672 453 2703 videbatur
467 2672 603 2703 fortunae
630 2673 757 2708 Priami,
773 2673 967 2712 correxitque
982 2675 1178 2714 παυσώμεθα,
1203 2676 1287 2715 quod
1309 2675 1423 2706 deinde
1446 2682 1607 2715 receptum

111 2719 159 2743 cst
173 2724 192 2744 a
208 2715 322 2746 multis.
367 2717 413 2746 At
435 2715 560 2746 nullum
576 2716 643 2755 ejus
667 2726 799 2746 acumen
823 2716 969 2757 frigidius
990 2725 1043 2749 est.
1072 2728 1168 2758 quam
1184 2718 1271 2754 illud,
1297 2719 1461 2758 explosum
1485 2721 1524 2749 ab
1539 2720 1609 2758 ipso

111 2755 286 2793 Eustathio‚
305 2763 333 2789 ε’.
348 2761 419 2790 860.
435 2764 466 2789 et
479 2759 512 2796 ξ’.
532 2762 608 2793 148.,
625 2760 678 2789 ubi
698 2760 834 2789 Martem
849 2767 880 2789 et
904 2760 1091 2799 Neptunum
1114 2771 1178 2791 non
1193 2768 1229 2792 ut
1252 2762 1459 2801 ἒννεαχίλσυςῆ
1478 2762 1605 2802 >maxi-

109 2806 175 2834 λαυς
191 2800 352 2831 vociferari
367 2801 496 2837 volebat,
521 2802 574 2832 sed
591 2809 625 2832 ut
648 2803 838 2842 ἔινεαχείλους
854 2803 871 2836 ἦ
897 2801 1097 2844 δεκαχεὶλους.
1145 2804 1206 2835 Cui
1233 2806 1420 2846 conjecturae
1441 2805 1606 2836 simillima

111 2849 158 2872 est
173 2842 230 2873 ista
246 2843 279 2873 in
296 2842 387 2875 Pind.
404 2844 498 2885 Pyth.
516 2845 585 2875 ΙΙΙ.
610 2849 672 2883 76„
689 2846 743 2875 ubi
765 2845 870 2882 saltus,
895 2847 934 2876 ab
959 2847 1108 2885 Apolline
1122 2846 1204 2883 facti,
1229 2847 1439 2888 granditatem
1463 2848 1600 2882 horrens,

113 2895 169 2923 pro
183 2887 300 2925 βάματι
316 2887 339 2917 ἒν
355 2888 460 2930 πρώτῳ
475 2889 606 2918 correxit
620 2891 739 2927 βάματι
754 2891 778 2920 ἓν
793 2890 934 2932 τριτάτῳ·
982 2890 1190 2921 Praetermitto
1204 2891 1282 2921 alios
1303 2900 1409 2920 versus
1432 2891 1557 2927 multos,
1575 2892 1607 2921 ln

115 2929 227 2967 quibus
243 2929 426 2961 minutiores
441 2931 632 2962 ratiunculas
647 2932 792 2972 sequitur,
812 2938 846 2963 ut
859 2942 957 2973 quum
971 2933 1008 2967 β’.
1021 2937 1090 2964 415.
1110 2939 1139 2963 et
1156 2935 1179 2962 ι’.
1197 2938 1269 2964 242.
1288 2933 1410 2973 praefert
1428 2936 1548 2967 πλῆσαι,
1568 2936 1608 2973 γ’.
