1856 3235
228 225 321 264 224
693 215 1249 268 PROLEGOMENA.

869 351 1062 399 XXIX.

295 481 390 529 Sed
412 481 532 529 illud
553 481 713 529 forsan
735 482 904 529 ludere
929 490 1015 538 est,
1052 498 1150 529 non
1182 482 1470 538 ratiocinari,
1507 497 1701 546 praeser-

228 547 316 594 tim
355 548 406 593 in
431 556 563 595 tanta
593 548 880 595 auctoritate
914 546 1122 610 vulgaris
1161 548 1493 610 persuasionis.
1573 548 1706 603 Quid

225 629 357 675 ergo,
395 613 432 659 si
459 613 734 659 Aristotelis
758 613 890 675 leg-es
923 612 1098 674 epicas,
1135 620 1372 675 quatenus
1395 613 1476 659 illa
1513 629 1705 676 persua-

225 677 359 725 sione
403 678 639 733 nituntur,
675 678 988 724 obturbemus
1023 677 1222 724 vocibus
1263 677 1703 725 Grammaticorum

223 752 444 790 veterum
468 743 697 798 omnium,
736 759 938 805 quorum
972 741 1131 788 nullus
1173 750 1404 804 superest,
1443 744 1523 806 qui
1565 743 1701 790 novis

223 809 525 855 acuminibus
550 808 610 854 de
633 807 856 870 primaria
874 807 1065 854 actione
1086 807 1262 854 iliados
1286 807 1541 870 proludat?
1576 808 1703 855 Con-

223 874 441 920 sentiunt
465 872 592 920 enim
634 889 814 928 omnes,
852 873 900 919 in
930 872 1079 919 Iliade
1121 873 1359 920 contineri
1394 880 1528 934 gesta
1566 875 1700 919 Groe-

220 953 377 985 corum
401 946 447 985 et
471 938 782 999 Trojanorum
806 941 870 984 ad
891 939 1045 993 Ilium,
1085 945 1148 994 et,
1175 937 1213 984 si
1238 938 1353 1000 quid
1372 938 1573 993 addunt,
1593 939 1705 999 fhr-

221 1004 285 1050 tia
305 1006 443 1064 ficeta
468 1004 674 1051 Achillis.
747 1004 822 1050 Ita
846 1004 895 1049 in
918 1003 1082 1065 primis
1125 1003 1252 1050 clare
1292 1011 1460 1050 auctor
1495 1003 1604 1050 libri
1639 1003 1701 1050 de

224 1068 428 1115 Homeri
451 1069 600 1130 poesi,
639 1069 720 1130 qui
762 1069 847 1115 sub
891 1067 1136 1115 Plutarchi
1173 1069 1368 1115 nomine
1409 1069 1597 1126 editur3
1632 1068 1701 1115 ita

219 1133 503 1180 Eustathius
548 1133 775 1195 ubiquea.
860 1133 959 1180 Hic
1006 1141 1168 1180 tamen
1209 1133 1330 1180 illud
1373 1134 1504 1196 prius
1548 1132 1702 1180 solum

220 1198 478 1245 constituit
502 1214 735 1244 summam
761 1198 1011 1254 Carminis,
1047 1198 1242 1260 insuper
1275 1199 1479 1245 absurde
1504 1199 1700 1254 docens,

219 1262 468 1311 Achillem
491 1263 542 1308 in
567 1279 625 1310 eo
663 1279 760 1324 prae
796 1263 982 1310 caeteris
1015 1263 1241 1310 heroibus
1276 1271 1529 1326 tantopere
1570 1279 1704 1313 orna-

214 1336 323 1376 tum
351 1345 467 1383 esse,
505 1328 615 1391 quia
655 1327 899 1375 Homerus
932 1328 1064 1375 hunc
1098 1344 1197 1391 prae
1233 1328 1420 1376 caeteris
1459 1328 1700 1376 dilexerit.

218 1393 464 1450 Absurde,
502 1393 712 1456 inquam,
748 1393 856 1450 hoc,
900 1400 949 1441 et
973 1410 1033 1441 ex
1057 1401 1252 1441 vetusto
1276 1410 1449 1450 errore,
1488 1394 1568 1457 qui
1591 1394 1703 1457 poe-

216 1468 316 1506 tam
341 1459 494 1506 omnis
517 1458 618 1506 fere
642 1459 855 1506 materiae
878 1475 1038 1507 rerum
1063 1476 1254 1506 suarum
1291 1460 1596 1507 inventorem
1632 1458 1700 1506 fa-

217 1524 392 1572 ciebat.
463 1524 644 1571 Verum
673 1525 793 1588 quis,
833 1525 912 1587 qui
938 1524 1380 1572 Grammaticorum
1420 1524 1580 1573 fontes
1619 1541 1704 1572 no-

217 1590 295 1645 rit,
332 1606 431 1636 non
465 1589 681 1652 impense
714 1590 991 1645 demiretur,
1029 1606 1091 1637 ne
1119 1590 1477 1637 Alexandrinos
1502 1589 1700 1653 quidem

219 1655 428 1702 Criticos
451 1671 614 1702 veram
648 1655 745 1701 vim
787 1655 1061 1718 argumenti
1103 1654 1356 1703 Homerici
1395 1663 1700 1719 perspectam

217 1719 455 1775 habuisse,
492 1737 635 1783 quam
675 1728 837 1767 nostra
886 1728 1016 1776 aetas,
1071 1737 1343 1784 quanquam
1382 1737 1480 1768 non
1526 1721 1699 1768 eodem

219 1785 379 1841 modo,
408 1786 510 1848 ja'm
537 1785 721 1832 dudum
762 1794 980 1833 assecuta
1015 1786 1103 1833 sit?
1139 1786 1301 1850 Inepti
1337 1794 1450 1833 sunt
1485 1785 1700 1833 Alexan-

217 1850 344 1896 drini
383 1851 475 1906 isti,
512 1850 684 1913 inquit,
723 1850 867 1898 defixi
906 1852 956 1897 in
979 1851 1226 1899 vocabulis
1252 1860 1301 1898 et
1325 1851 1535 1915 syllabis,
1568 1851 1701 1899 vide-

216 1914 336 1962 licet
359 1916 459 1962 nati
483 1923 595 1963 ante
618 1917 865 1963 inventam
888 1916 1253 1980 philosophiam,
1291 1933 1434 1980 quam
1475 1916 1695 1973 dicimus,

217 1981 403 2027 artium.
472 1980 543 2027 At
579 1997 642 2028 ne
681 1990 814 2029 vates
858 1981 1051 2044 quidem
1096 1983 1197 2045 ipse
1234 1981 1329 2029 fuit
1367 1981 1697 2045 philosophus,

217 2057 363 2108 quem
389 2053 571 2093 tantam
596 2055 746 2098 artem
773 2063 971 2094 summae
995 2048 1199 2095 actionis
1222 2064 1309 2111 per
1342 2049 1567 2110 ambages
1603 2048 1699 2111 epi-

220 2110 463 2158 sodiorum
488 2111 739 2159 volvendae
758 2112 1061 2160 abscondisse
1077 2120 1286 2160 narrant.
1355 2113 1481 2160 Nam
1501 2113 1698 2159 abscon-

216 2175 367 2223 ditam
391 2176 521 2223 illam
546 2193 647 2225 esse
680 2185 886 2241 oportet,
924 2178 1314 2242 quandoquidem
1353 2185 1529 2241 praeter
1568 2178 1699 2226 Aris-

213 2241 414 2289 totelem
439 2251 488 2289 et
513 2251 623 2290 ante
649 2259 758 2290 eum
782 2243 1081 2306 paucissimis
1106 2251 1325 2292 veterum
1349 2242 1559 2292 suboluit
1574 2252 1607 2290 b.

259 2382 279 2402 a
301 2371 347 2402 Ut
367 2372 399 2402 in
425 2373 557 2404 Prooem.
574 2384 603 2413 p.
619 2378 647 2404 8.
665 2376 733 2405 '‘Oa-1
750 2377 780 2406 ἐκ
799 2377 850 2409 eri,-
868 2377 919 2407 τοῦ
930 2376 1096 2417 Ἀχιλλέως
1114 2377 1264 2420 ἀρξάμενος
1280 2374 1399 2415 μήνιδος,
1412 2375 1599 2416 ἀφηγήσετιιι
1616 2375 1655 2405 τὰ
1671 2376 1696 2405 ἔν

216 2415 293 2456 αὐτῇ
307 2418 514 2454 συμβεβηκᾶτα
530 2418 624 2454 κακὰ,
640 2419 669 2448 οὗ
678 2418 756 2455 μόνον
771 2421 827 2452 τοῖς
840 2419 978 2459 Ἀχαιοῖς,
998 2420 1020 2450 εἷ
1035 2422 1086 2450 καὶ
1103 2421 1210 2453 ’τούτοις
1224 2421 1268 2450 ἐπὶ
1282 2420 1378 2454 πλέον,
1395 2420 1476 2451 ἀλλ’,
1493 2419 1527 2452 ὦς
1545 2418 1625 2452 timis,
1643 2419 1696 2447 καῖ

217 2460 275 2490 τοῖς
293 2459 405 2499 Τρωσίν.
454 2459 594 2489 Pertinet
608 2461 666 2489 hoc
681 2470 753 2490 cum
769 2461 844 2496 aliis,
863 2471 932 2501 quae
948 2461 1061 2492 ibidem
1087 2462 1292 2501 disputantur,
1315 2462 1356 2492 ad
1376 2461 1528 2491 celebrem
1549 2461 1694 2500 quaestio-

216 2509 301 2534 nem,
323 2510 379 2530 cur
402 2502 609 2532 narrationem
628 2502 755 2533 demum
774 2505 812 2534 ab
828 2504 874 2534 ira
894 2504 1025 2534 Achillis
1040 2515 1168 2535 exorsus
1183 2506 1222 2535 sit
1239 2505 1407 2535 Homerus.
1452 2503 1583 2533 Diversa
1599 2503 1694 2532 fatuae

216 2543 442 2581 superstitionis
456 2546 584 2584 quaestio
599 2545 666 2579 fuit,
684 2556 739 2576 cur
753 2546 1000 2585 splendidissimo
1015 2548 1099 2586 operi
1118 2547 1236 2578 foedum
1253 2554 1284 2577 et
1306 2547 1478 2577 infaustum
1501 2555 1616 2575 nomen
1637 2546 1695 2584 μή·

218 2584 281 2619 νιδος
298 2585 472 2624 praefixerit.
519 2587 710 2618 Alterutram
725 2596 779 2619 aut
795 2590 896 2627 potius
910 2591 998 2625 hanc,
1022 2601 1117 2631 quam
1132 2600 1232 2629 nuper
1249 2600 1286 2619 ex
1304 2589 1434 2619 Scholiis
1456 2588 1629 2622 didicimus,
1654 2588 1695 2617 ri.

216 2627 270 2657 det
285 2629 414 2660 Lucian.
432 2630 470 2659 T.
492 2629 542 2659 II.
561 2641 588 2669 p.
608 2635 617 2660 l
632 2634 685 2666 17.,
710 2632 764 2661 ubi
782 2632 932 2663 Hedelini
948 2634 1071 2664 somnia
1086 2635 1194 2663 acerbe
1209 2632 1406 2672 exagitantur
1421 2641 1440 2660 a
1458 2631 1548 2661 Mose
1566 2631 1692 2661 Solano.

260 2672 280 2700 b
305 2671 430 2701 Novum
446 2673 504 2702 hoc
519 2683 630 2703 ausum
647 2680 700 2708 est,
716 2675 767 2704 cui
782 2675 899 2705 tuendo
914 2687 978 2706 una
993 2676 1120 2716 plagula
1142 2686 1206 2706 non
1228 2675 1369 2705 sufficiat.
1415 2673 1560 2713 Plerique
1582 2673 1639 2703 sibi
1662 2673 1694 2703 id

216 2713 405 2744 videbuntur
419 2725 455 2745 ex
474 2716 608 2745 Horatio
623 2717 698 2746 satis
713 2717 846 2747 refutare
863 2728 956 2756 posse.
1004 2719 1099 2755 Quod
1120 2717 1385 2759 quemadmodum
1408 2717 1471 2747 sint
1492 2716 1612 2749 facturi.
1636 2715 1694 2754 ipsi

216 2756 357 2787 viderint.
403 2758 469 2788 Nos
485 2769 569 2788 nunc
583 2759 622 2789 <le
637 2762 789 2790 communi
808 2763 947 2799 opinione
968 2764 1166 2802 antiquitatis
1187 2761 1364 2801 quaerimuS,
1387 2770 1457 2800 quae
1480 2758 1694 2799 cognoscenda

218 2806 264 2829 est
278 2810 315 2829 ex
332 2801 468 2841 antiquis
486 2801 587 2841 Intpp.
610 2801 739 2839 Iliados,
764 2812 801 2832 ex
817 2804 975 2833 rhetorum
991 2811 1021 2834 et
1035 2804 1185 2834 similium
1202 2803 1385 2842 scriptorum
1403 2802 1486 2832 locis.
1532 2802 1611 2832 Haec
1626 2811 1695 2831 om-

217 2843 270 2871 nia
287 2843 446 2874 conferant
461 2844 505 2873 illi
522 2854 644 2874 necesse
660 2851 713 2880 est,
729 2851 895 2886 antequam
915 2847 1031 2886 aliquid
1048 2848 1173 2887 gravius
1187 2847 1219 2876 in
1242 2856 1345 2876 meam
1369 2845 1529 2875 audaciam
1551 2849 1696 2874 statuant.

218 2885 359 2915 Omnino
375 2896 445 2916 vero
461 2887 661 2917 utilissimum
676 2894 765 2923 esset,
790 2888 997 2929 undecunque
1013 2890 1141 2920 collecta
1156 2899 1256 2920 unum
1271 2889 1302 2919 in
1319 2888 1424 2918 locum
1440 2889 1560 2923 habere,
1577 2897 1647 2928 quae
1661 2886 1694 2916 in

215 2926 300 2958 libris
316 2935 452 2960 veterum
466 2929 514 2960 vel
530 2937 682 2970 praecepta
697 2930 736 2961 de
752 2937 816 2962 arte
829 2932 954 2970 poetica,
973 2932 1020 2962 vel
1033 2932 1153 2972 judicia
1167 2932 1206 2963 de
1229 2931 1327 2971 po'e'tis
1349 2931 1413 2962 suis
1434 2930 1562 2970 sparsim
1585 2929 1696 2970 legun-
