1856 3235
920 230 955 276 ii

194 358 369 411 denique
390 354 524 396 Index
552 353 725 396 Graecus
756 353 799 393 in
837 352 1090 393 Contextum
1127 350 1416 404 Homericum,
1448 355 1586 397 minor
1613 357 1682 401 ille

192 435 357 492 quidem
380 434 617 483 Seberiano,
647 433 768 474 etiam
806 430 1074 479 Barnesiano‚
1106 431 1176 485 qui
1205 431 1390 485 profecto
1421 435 1538 476 nullo
1567 444 1680 478 certo

187 515 355 558 consilio
375 529 398 555 e
415 513 636 556 Seberiano
665 511 792 551 factus
813 518 886 559 est,
918 510 962 549 in
982 517 1198 565 utramque
1225 520 1397 565 partem,
1430 522 1470 556 et
1490 518 1609 571 copia
1639 526 1680 560 et

186 594 339 649 inopia,
371 593 547 640 vitiosus,
579 598 773 632 caeterum
808 588 860 629 ad
892 603 1012 629 usum
1032 591 1308 646 cognoscendi
1345 593 1564 637 Homerici
1594 612 1678 639 ser..

184 676 318 718 monis
337 672 693 716 accommodatior.
754 671 850 712 Non
881 670 1138 726 ignorabam,
1171 682 1372 727 quantum
1401 676 1505 717 mihi
1540 679 1676 721 oneris

187 757 477 812 imponeretur.
540 754 620 796 Sed
652 761 691 794 et
725 753 783 794 rei
803 753 929 808 ipsius
948 751 1134 803 utilitate,
1167 761 1208 794 et
1227 769 1357 810 prope
1386 758 1516 813 magis
1537 774 1678 803 amore

187 837 231 878 in
262 836 490 884 Parentem,
542 833 615 874 Vir
646 834 823 882 illustris,
868 831 1010 873 Tuum
1041 843 1287 883 commotuS,
1319 836 1490 888 promisi
1525 852 1591 880 me
1619 840 1678 882 ita
1736 876 1749 884 .

188 917 402 958 facturum.
474 913 687 954 Liberasse
726 927 792 953 me
826 912 932 953 illius
967 913 1155 966 promissi
1190 914 1428 956 necessitate
1461 916 1678 960 videbatur

187 1011 298 1039 mors
318 997 418 1050 ejus:
450 993 519 1034 sed
540 993 712 1049 urgebat
731 992 921 1033 amicitiae
952 992 1111 1049 religio,
1141 993 1254 1047 cujus
1289 993 1373 1034 vim
1400 995 1524 1037 etiam
1553 1007 1678 1056 auget

184 1077 431 1119 desiderium
451 1083 721 1115 mortuorum.
780 1073 831 1114 In
851 1073 940 1128 ipsa
969 1081 1106 1114 autem
1137 1073 1288 1114 laboris
1317 1074 1518 1127 molestia,
1549 1093 1675 1134 quam

185 1158 228 1198 in
258 1155 398 1212 primis
428 1155 471 1195 in
502 1153 644 1194 Indice
673 1152 899 1209 digerendo
929 1168 1037 1207 saepe
1067 1153 1126 1193 ita
1154 1161 1348 1208 expertus
1376 1169 1480 1206 sum,
1512 1166 1560 1200 ut
1587 1174 1676 1202 non

185 1237 327 1294 procul
347 1251 410 1277 res
431 1243 532 1276 esset
553 1234 604 1275 ab
623 1233 893 1289 impatientia,
924 1248 1009 1274 non
1030 1241 1191 1274 tantum
1211 1233 1282 1274 illo
1305 1233 1497 1291 Ulysseo,
1531 1238 1677 1280 τέτλαθι

181 1318 217 1359 δὲ
245 1317 372 1370 ‚agaim
410 1330 475 1356 me
509 1314 744 1362 sustentav13
775 1321 975 1369 quantum
1009 1315 1208 1355 memoria
1242 1322 1283 1356 et
1313 1316 1564 1373 cogitatione
1594 1317 1676 1368 Pa-

185 1400 309 1441 rentis
340 1400 435 1449 Tui,
467 1414 549 1456 quo
569 1398 804 1453 impellente
823 1398 1004 1453 primum
1024 1399 1068 1439 id
1088 1398 1240 1440 laboris
1261 1401 1537 1456 suscepissem.
1597 1400 1677 1442 At-

183 1499 262 1540 que
293 1483 449 1524 utinam
482 1482 562 1522 vivi
593 1481 834 1522 memoriam
869 1480 972 1520 mihi
1017 1495 1217 1535 usurpare
1245 1481 1434 1533 licuisset,
1465 1482 1675 1524 interdum

186 1566 308 1607 etiam
343 1562 525 1611 consilio,
558 1560 724 1602 fortasse
753 1568 794 1601 et
821 1559 982 1614 plenius
1021 1560 1120 1615 quid
1150 1568 1190 1600 et
1219 1559 1362 1601 melius
1399 1560 1675 1616 perfecissem:

187 1653 295 1687 certe
333 1643 413 1684 hoc
444 1650 642 1696 tempore,
674 1641 717 1682 in
751 1640 834 1681 fine
863 1640 1010 1695 operis,
1041 1639 1154 1681 hunc
1184 1640 1366 1694 primum
1399 1639 1579 1682 fructum
1608 1655 1676 1683 ca·

189 1738 329 1781 perem
349 1722 512 1772 laboris,
545 1730 590 1763 ut
610 1722 660 1772 ei,
684 1721 787 1763 sicut
816 1721 859 1762 in
879 1720 1013 1776 prima
1040 1726 1157 1775 parte
1176 1718 1266 1770 feci,
1289 1733 1555 1775 exponerem,
1573 1720 1675 1777 quid

187 1814 229 1848 et
248 1803 455 1861 quomodo
475 1811 611 1844 actum
632 1811 745 1844 esset.

245 1888 467 1930 Enimvero
487 1901 581 1927 cum
612 1885 708 1936 TE,
745 1886 819 1926 Vir
848 1886 1025 1934 illustris,
1056 1883 1250 1934 nominis,
1272 1884 1416 1935 animi,
1446 1883 1571 1926 studii
1596 1885 1673 1937 sui,

180 1969 282 2026 juris
311 1968 486 2023 denique
519 1966 652 2007 omnis
685 1965 880 2007 heredem
911 1965 1132 2020 reliquerit,
1164 1964 1296 2020 sisque
1326 1963 1414 2006 TU
1452 1964 1554 2006 mihi
1588 1979 1674 2006 non

185 2049 310 2091 modo
340 2047 484 2089 TUIS
513 2046 741 2096 virtutibus,
772 2045 911 2087 multis
941 2060 1038 2086 sane
1068 2053 1110 2086 et
1139 2044 1316 2101 magnis,
1348 2043 1420 2085 sed
1449 2044 1573 2086 etiam
1602 2058 1677 2099 pa-

184 2138 311 2172 ternae
331 2128 520 2169 amicitiae
540 2135 579 2168 et
599 2126 899 2181 conjunctionis
918 2140 1071 2176 caussa,
1102 2125 1227 2182 longe
1245 2133 1287 2166 et
1307 2125 1538 2166 carissimus
1553 2133 1594 2166 et
1607 2126 1675 2181 ju-

186 2209 466 2257 cundissimus,
499 2207 592 2256 TE,
624 2207 714 2257 feci,
735 2214 873 2248 mente
905 2216 945 2247 et
979 2206 1230 2262 cogitatione
1257 2213 1304 2246 ut
1332 2205 1375 2246 in
1404 2204 1511 2246 illius
1537 2204 1676 2247 locum

183 2290 264 2332 hoc
285 2298 469 2342 tempore
498 2287 797 2336 substituerem,
829 2294 870 2327 et
891 2285 972 2328 TE
992 2301 1103 2336 cum,
1135 2293 1332 2340 tanquam
1359 2299 1454 2325 cum
1475 2284 1573 2340 Ipso
1593 2283 1677 2326 col-

185 2370 367 2425 loquens,
390 2382 637 2422 exponerem
660 2367 759 2408 Tibi
779 2367 981 2408 rationem
997 2366 1119 2421 hujus
1135 2364 1388 2420 Appendicis
1409 2363 1672 2414 Homericae3

185 2451 217 2492 si
232 2449 388 2505 judicio
405 2448 513 2497 Tuo,
536 2447 646 2503 quod
667 2456 706 2489 et
726 2448 769 2488 in
790 2447 939 2489 talibus
957 2445 1079 2487 rebus
1099 2445 1225 2488 habes
1245 2444 1515 2486 rectissimum
1535 2452 1576 2485 et
1593 2443 1674 2486 ele-

184 2530 480 2588 gantissimum,
502 2543 670 2584 operam
699 2528 769 2570 tali
800 2527 852 2570 de
872 2542 1012 2570 caussa
1041 2543 1065 2569 a
1090 2542 1158 2569 me
1177 2534 1368 2569 navatam
1387 2538 1548 2579 possem
1577 2538 1673 2580 pro·

183 2611 294 2655 bare.

160 2704 171 2708 “
243 2690 405 2733 Primos
425 2690 551 2746 igitur
579 2689 660 2731 hoc
695 2689 901 2731 Volumen
922 2689 1047 2731 habet
1074 2689 1271 2744 Hymnos,
1303 2686 1379 2728 sub
1410 2686 1582 2727 Homeri
1601 2700 1677 2728 no-

183 2771 310 2822 mine,
331 2779 378 2812 ut
405 2771 494 2821 scis,
516 2771 582 2813 edi
604 2770 754 2821 solitos,
785 2777 980 2812 caeterum
1010 2769 1184 2824 cujusvis
1204 2768 1305 2810 alius
1324 2767 1461 2824 potius
1481 2766 1673 2816 auctoris,

182 2867 305 2911 quam
325 2854 511 2905 Homeri,
547 2852 847 2909 antiquissimos
879 2861 1032 2905 tamen,
1063 2859 1110 2894 ut
1138 2866 1239 2908 quos
1269 2849 1527 2894 vetustissimi
1546 2848 1673 2904 scrip-
