1856 3235
224 233 284 272 25
290 231 317 270 8
681 218 1238 268 PROLEGOMENA.

228 351 366 401 nobis
390 350 610 398 recensio
634 348 931 397 Antimachi.
1001 350 1195 397 Etenim
1221 349 1304 413 qui
1327 349 1423 396 loci
1458 365 1543 397 sex
1561 356 1703 396 antea

229 417 290 465 de
315 433 373 464 eo
394 415 681 479 legebantur
704 415 832 477 apud
859 415 1180 470 Eustathium‚
1217 415 1250 461 ii
1273 431 1372 462 non
1413 421 1551 461 erant
1585 414 1706 476 ejus-

230 481 377 537 modi,
402 488 458 528 ut
480 479 594 527 inde
620 480 798 527 certius
823 479 1004 541 aliquid
1027 480 1149 526 disci
1167 488 1346 542 posset,
1374 495 1516 542 quam
1535 478 1706 526 Eusta-

229 547 361 596 thius
384 546 485 609 ipse
510 562 559 592 se
589 545 732 591 scisse
766 544 943 606 prodit.
1014 545 1260 599 Quocirca
1292 544 1483 592 facilem
1518 543 1710 592 veniam

230 611 360 675 apud
383 610 596 659 eruditos
619 609 788 656 habuit
811 625 940 656 error
972 608 1086 654 olim
1121 625 1271 664 meus,
1306 609 1453 656 fidem
1487 608 1710 671 negantis

232 676 489 724 Eustathio
524 682 574 722 et
609 673 782 730 Suidae‚
820 673 902 736 qui
951 672 1300 720 Antimachum
1336 673 1616 737 simpliciter
1660 673 1713 720 in

233 740 576 790 Grammaticis
591 745 863 794 numerant,
885 737 1127 801 aliumque
1142 738 1358 801 putantis
1372 743 1567 801 poetam
1583 737 1712 785 The-

232 806 416 863 baidos,
438 805 584 852 alium
600 803 841 851 Criticum
860 803 1182 851 Homericum
1199 807 1233 850 ².
1268 804 1418 851 Nunc
1432 819 1549 851 vero
1565 819 1714 866 quan-

234 888 379 935 quam
404 868 728 917 Antimachus
751 868 802 914 in
825 868 962 916 novis
987 868 1191 916 Scholiis
1216 868 1364 916 semel
1382 868 1528 916 modo
1549 867 1715 915 lauda-

234 944 315 984 tur
338 935 534 983 nomine
560 933 868 997 Colophonii,
895 941 1040 997 atque
1064 934 1130 980 ibi
1152 941 1209 980 ut
1233 950 1357 981 unus
1374 938 1448 981 τῶν
1461 933 1552 996 μετ’
1567 934 1713 995 *Όμη-

233 1021 308 1066 ρον,
336 1002 390 1064 (i.
417 1017 458 1047 e.
483 1003 736 1064 poetarum
759 998 874 1046 inde
898 999 957 1046 ab
983 997 1298 1055 Archilocho,
1325 1016 1386 1047 ex
1403 1014 1609 1062 quorum
1626 1014 1719 1045 usu

236 1065 468 1114 sermonis
494 1064 748 1112 Homerici
771 1065 1046 1127 apparebat,
1084 1065 1327 1127 quomodo
1360 1065 1451 1127 ipsi
1484 1064 1616 1110 hunc
1648 1063 1720 1109 in-

234 1129 579 1188 tellexissent,)
612 1128 847 1192 pluraque
879 1145 941 1177 ex
977 1129 1283 1178 Carminibus
1316 1129 1445 1176 illius
1480 1145 1623 1192 quam
1659 1144 1720 1175 ex

236 1194 524 1243 recensione
552 1193 816 1241 Homerica
839 1193 1105 1241 afferuntur
1123 1198 1158 1249 ¹³,
1186 1194 1409 1242 omnibus
1432 1202 1599 1241 tamen
1623 1192 1718 1240 col-

236 1260 346 1308 latis
365 1258 579 1322 reliquiis
597 1258 740 1322 plane
761 1257 990 1306 effectum
1007 1266 1145 1322 put0,
1166 1275 1318 1306 unum
1334 1259 1512 1322 ubique
1527 1261 1721 1322 po‘etam

239 1324 616 1387 Colophonium,
657 1324 866 1371 Socratis
901 1323 1152 1388 aequalem,
1188 1323 1565 1387 intelligendum
1600 1339 1720 1370 esse.

240 1390 487 1438 Caeterum
512 1388 778 1452 specimina
799 1389 889 1436 ista
910 1389 1045 1436 haud
1066 1406 1298 1452 magnum
1321 1389 1460 1437 nobis
1495 1388 1723 1436 desideri·

237 1471 321 1502 um
346 1461 545 1502 movent
568 1453 711 1517 hujus
736 1453 1039 1518 exemplaris.
1110 1454 1326 1501 Tametsi
1351 1454 1495 1501 etiam
1517 1453 1599 1500 hic
1620 1453 1722 1500 >ani-

239 1519 646 1567 madvertendum
671 1526 757 1575 est,
791 1518 852 1566 de
875 1518 1102 1566 universo
1128 1535 1330 1582 corpore
1358 1518 1599 1583 judicium
1623 1517 1726 1565 fieri

240 1601 341 1632 non
363 1600 504 1647 posse
528 1600 590 1630 ex
613 1591 713 1630 tam
737 1583 936 1630 minutis
960 1584 1188 1641 articulis,
1215 1592 1264 1631 et
1289 1601 1345 1632 ea
1367 1585 1484 1647 ipsa,
1511 1599 1618 1646 quae
1642 1599 1726 1630 no-

240 1649 315 1699 bis
339 1650 511 1696 vitiosa
535 1655 585 1695 et
608 1648 814 1695 absurda
835 1647 990 1695 videri
1016 1649 1215 1706 debent,
1251 1648 1366 1696 olim
1391 1648 1610 1712 plurimis
1647 1664 1726 1695 ex-

244 1713 535 1778 emplaribus
558 1712 762 1760 fortasse
786 1713 1062 1760 communia
1084 1713 1247 1761 fuisse.

311 1778 407 1826 Sed
431 1785 668 1841 quantum
693 1793 825 1825 caeco
862 1778 992 1826 casui
1029 1778 1264 1826 debeatur
1297 1778 1349 1825 in
1384 1778 1726 1826 conservandis

241 1843 316 1891 his
335 1843 550 1891 articulis
568 1850 618 1890 et
635 1842 870 1901 frustulis,
894 1843 1206 1891 memorabile
1229 1843 1580 1892 documentum
1597 1844 1730 1892 vide-

242 1925 350 1956 mus
373 1908 424 1954 in
449 1925 525 1966 eo,
563 1908 695 1971 quod
731 1907 834 1971 ejus
869 1909 1182 1966 recensionis,
1211 1926 1318 1972 quae
1340 1909 1488 1973 vulgo
1511 1909 1572 1956 ad
1599 1909 1730 1957 Aris-

243 1973 446 2021 totelem
470 1972 694 2029 refertur,
729 1977 800 2027 τῆς
839 1975 884 2021 ἐκ
919 1978 994 2020 τοῦ
1030 1975 1238 2038 νάρθηκος,
1273 1991 1336 2022 ne
1360 1974 1508 2022 semel
1532 1974 1728 2038 quidem

244 2038 430 2086 mentio
453 2037 508 2086 fit
530 2038 581 2085 in
606 2038 810 2086 Scholiis
844 2039 1034 2086 nostris.
1105 2038 1386 2103 Apponitur
1425 2039 1621 2103 quidem
1662 2039 1732 2087 A·

243 2103 474 2151 ristotelis
498 2103 760 2151 auctoritas
782 2104 833 2150 in
858 2104 1064 2168 quadam
1087 2104 1321 2153 varietate
1348 2104 1588 2162 lectionis,
1629 2121 1728 2152 non

245 2169 315 2217 sic
350 2177 530 2226 tamen,
567 2177 623 2217 ut
645 2168 697 2217 id
721 2186 782 2218 ex
804 2169 1090 2218 recensione
1112 2169 1195 2218 illa
1218 2177 1469 2219 enotatum
1510 2187 1613 2219 esse
1649 2187 1729 2235 ap-

290 2315 310 2336 a
334 2306 375 2336 In
389 2306 488 2346 Epist.
510 2307 550 2338 ad
567 2307 853 2349 Schellenbergium
868 2318 976 2339 meum
987 2307 1114 2340 Collect.
1138 2308 1238 2350 Reliq.
1253 2310 1435 2340 Antimachi
1446 2320 1475 2350 p.
1494 2313 1562 2342 119.
1578 2319 1642 2351 sqq.
1686 2308 1732 2340 Il-

246 2347 289 2379 lic
304 2359 323 2379 a
337 2358 389 2379 me
404 2351 516 2389 scripta
526 2351 673 2381 refutavit
686 2351 799 2382 deinde
814 2351 936 2383 Villois.
958 2351 1104 2393 Prolegg.
1126 2362 1156 2391 p.
1179 2353 1311 2383 XXIV.
1332 2363 1391 2394 ego
1412 2359 1518 2383 autem
1540 2362 1607 2383 rem
1621 2357 1734 2382 retrac-

247 2392 311 2422 tavi
326 2390 360 2421 in
376 2391 449 2422 edit.
463 2393 549 2424 illius
566 2394 714 2429 Censura,
740 2404 810 2434 quae
824 2393 941 2425 inserta
958 2400 1005 2425 est
1020 2395 1243 2434 Ephemeridd.
1253 2395 1388 2426 univers.
1401 2396 1491 2426 litter.
1513 2396 1604 2427 Jenae
1619 2395 1730 2434 prode-

249 2434 378 2464 untibus
391 2435 433 2465 A.
446 2438 483 2466 17
488 2439 537 2467 91.
550 2436 590 2466 N.
599 2439 650 2467 51.
693 2437 772 2467 Inde
787 2447 872 2468 nunc
886 2437 1054 2478 repetenda
1068 2444 1148 2475 sunt,
1165 2449 1235 2480 quae
1251 2449 1356 2470 rerum
1375 2439 1452 2470 ordo
1465 2439 1571 2478 poscit,
1587 2437 1647 2468 alia
1660 2447 1727 2468 cor-

247 2476 379 2518 rigenda
394 2483 425 2508 et
439 2477 621 2519 diligentius
641 2479 861 2520 persequenda.

291 2532 313 2562 b
335 2531 526 2568 Posterioria
551 2533 590 2564 ad
612 2534 703 2564 crisin
719 2534 847 2574 propius
860 2534 1033 2574 spectantis,
1058 2535 1181 2576 generis
1194 2535 1255 2566 loci
1269 2541 1343 2567 sunt
1362 2535 1402 2567 ad
1417 2535 1454 2566 α’.
1470 2538 1541 2567 298.
1563 2524 1644 2565 712-4—
1661 2537 1734 2566 598.

251 2586 292 2625 φ’.
306 2588 378 2617 607.
392 2593 438 2627 χ’,
453 2577 535 2617 ἓξὲ-
550 2588 596 2625 *V-
618 2578 699 2617 {ff
708 2589 777 2627 (ubi
799 2599 960 2629 perperam
981 2589 1132 2629 scriptum
1147 2591 1179 2621 αἱ
1201 2600 1257 2630 pro
1279 2591 1304 2622 οἱ
1325 2590 1426 2630 primo
1446 2589 1592 2630 adspectu
1613 2590 1732 2621 famam

249 2637 384 2680 duplicis
405 2639 551 2670 editionis
572 2641 790 2673 Antimacheae
812 2643 1001 2685 spargebam)
1019 2646 1091 2675 871.
1114 2636 1218 2675 ω’.7-ι.
1240 2643 1354 2685 quibus
1375 2643 1446 2674 add.
1468 2644 1611 2674 Eustath.
1634 2643 1674 2674 ad
1694 2643 1736 2684 φ’.

249 2695 326 2724 597.
342 2703 372 2734 p.
397 2696 487 2724 1245.
531 2695 648 2725 Primis
668 2697 789 2727 sumni
804 2697 879 2728 loci:
906 2698 946 2729 ad
961 2697 999 2729 α’.
1017 2702 1043 2729 1.
1065 2699 1103 2735 β’.
1126 2703 1154 2729 2.
1170 2702 1211 2739 γ’.
1231 2701 1299 2730 19⁷.
1322 2697 1354 2729 δ’.
1369 2701 1437 2730 400.
1452 2689 1536 2729 ff.
1562 2697 1616 2739 (cf.
1637 2697 1677 2728 ad
1706 2699 1737 2728 ν’.

252 2749 326 2779 299.
342 2747 373 2779 o'·
390 2748 476 2788 119.)
491 2747 520 2779 ε’.
537 2748 570 2778 in
586 2750 668 2779 brev.
693 2750 797 2782 Schol.
814 2755 886 2783 589.
908 2752 943 2791 ζ’.
959 2756 1030 2784 200.
1046 2753 1085 2784 λ’.
1101 2755 1171 2785 755.
1186 2754 1218 2792 ξ’.
1233 2756 1305 2783 499.
1320 2755 1393 2783 500.
1407 2752 1441 2795 ς’.
1458 2755 1527 2781 155.
1542 2751 1589 2790 ψ’.
1604 2754 1676 2783 845.
1694 2753 1737 2782 u'·

251 2791 303 2819 23.
347 2789 446 2821 Plura
460 2790 494 2821 in
509 2790 558 2822 his
579 2791 709 2832 indjgna
731 2799 806 2824 sunt
827 2794 919 2826 docto
940 2795 1040 2836 po‘e'ta,
1067 2801 1098 2826 et
1124 2807 1141 2827 e
1161 2795 1274 2837 quibus
1294 2794 1334 2825 de
1355 2794 1518 2834 disciplina
1541 2789 1740 2825 Stesimbroti

249 2832 343 2906 ζιὲῇυε
356 2832 593 2909 illetdiscipulus
607 2835 701 2867 fuisse
714 2835 820 2876 fertur,
843 2848 908 2870 non
929 2839 1048 2879 optime
1069 2838 1233 2872 existimes.
1279 2837 1342 2869 Sed
1364 2837 1397 2869 in
1419 2838 1456 2869 iis
1471 2837 1632 2869 immorari
1646 2847 1732 2870 nunc

293 2885 316 2907 n
330 2885 403 2910 vaca
418 2900 428 2910 .

936 2927 957 2944 Ο

936 2945 956 2954 ..ι
