1856 3235
198 202 296 242 384
698 193 1014 241 ὈΜΗΡΟΥ
1048 195 1216 242 ΒΙΟΣ.

197 322 254 370 τοὶ
272 322 344 386 μὲν
367 323 567 381 φθάνοντα
592 323 912 388 διαπεπρᾶχθαι
937 324 1082 387 ἑαυτῶ,
1107 326 1358 387 ἀνεπαχθῶς
1392 327 1687 391 ὑπομιμνησκει

196 388 336 448 λέγων·
371 392 513 434 ταῦτα
537 387 577 435 δὲ
601 390 742 436 πάντα
764 391 896 437 Ἰσασ’
939 391 1138 454 Ἀργείων
1172 392 1266 454 ἠμὲν
1291 392 1376 447 νέοι,
1411 393 1475 446 ἠδὲ
1499 395 1683 458 γέροντες.

198 455 274 506 Εἰς
297 452 336 500 δὲ
360 451 418 499 τοὶ
444 453 527 508 ἑξῆς
560 455 765 518 προτρέπει
800 455 872 508 τὲς
899 456 1079 511 ἔλληνας,
1116 462 1304 516 τεχνικῶς
1327 459 1589 520 ἐγκωμιάζων
1613 464 1688 508 αὐ-

196 519 282 571 τὲς·
320 517 534 581 Δαιμόνι’,
559 520 641 566 ἕτω
665 539 724 566 πε
745 522 870 583 μάλα
904 521 1051 567 ἐ’λπεαι
1075 521 1166 573 υἷας
1187 520 1377 582 Ἀχαιῶν
1411 524 1688 589 Ἀπτολέμες

196 584 234 630 τ’
263 584 413 646 ἔμεναι,
436 583 511 630 καὶ
534 586 773 641 ἀνάλκιδας,
789 588 839 638 ὦς
863 586 1085 649 ἁγορεὺειςς
1123 585 1212 632 Καὶ
1229 588 1351 634 αὐτὸν
1369 588 1434 636 τᾶν
1453 588 1688 654 Ἀγαμέμ-

195 668 285 696 νονα
320 649 497 704 δυςωπεῖ,
533 656 746 713 συγχωρῶν
775 652 907 713 αὐτῶ,
943 653 976 698 εἰ
1006 651 1184 714 βέλεται
1230 653 1403 700 ἀπιέναι.
1472 654 1560 708 Τὲς
1605 655 1688 721 γάρ

196 713 330 767 οἵλλεςς
352 715 578 778 ἐξαρκέσειν,
603 717 640 770 η’,
658 716 753 779 κ’ᾴὶν
776 718 923 769 πάντες
938 716 1128 776 φῦγωσιν,
1164 717 1286 764 αὐτόν
1303 737 1351 778 γε
1374 719 1442 766 σὸν
1464 724 1522 783 τῷ
1546 721 1688 785 ἑταίρῳ

197 780 320 843 μένειν
337 779 413 826 καὶ
429 782 668 842 μάχεσθαι,
692 783 820 828 εἰπών·
857 783 956 828 Νῶϊ
984 782 1016 828 δ’
1056 781 1135 841 έγῶ
1162 782 1358 836 Σθένελός
1381 803 1425 830 τε
1447 787 1691 850 μαχησόμε-

197 849 261 891 θα.
328 848 389 891 Ὁ
415 845 454 892 δὲ
480 847 620 910 Νέςωρ
642 846 751 909 τὲτω
774 847 845 909 μὲν
870 849 1029 910 γνώμης
1052 866 1095 894 τε
1112 847 1188 894 καὶ
1219 850 1393 911 πράξεως
1416 850 1552 913 ἀρετὴν
1585 871 1691 916 μαρ-

196 917 312 974 τυρεῖ,
348 909 423 956 ὅσα
449 910 488 957 δὲ
512 913 564 964 εἰς
598 912 712 965 τέλος
733 916 805 966 τῆς
827 915 1046 975 συμβελῆς
1067 913 1252 976 διαφέρει,
1279 913 1418 961 ἑαυτὸν
1442 917 1492 968 ῶς
1514 918 1691 980 πρεσβυ-

196 994 300 1039 τερον
320 977 391 1022 δεῖν
415 983 614 1039 παραινεῖν
638 979 752 1033 ἀξιοῖ,
787 977 861 1025 καὶ
884 979 1048 1033 ἐπέξεισι
1073 981 1130 1041 τῶ
1160 979 1284 1042 λόγῳ,
1309 979 1377 1033 τὴν
1400 979 1496 1044 πρδς
1528 982 1689 1043 Ἀχιλ-

196 1042 274 1089 λέα
298 1042 511 1105 πρεσβείαν
535 1043 864 1106 παρασκευάζειν
883 1045 1095 1107 ἐπιχειρῶν.

268 1106 357 1154 Καὶ
381 1108 415 1152 ἐν
439 1108 548 1170 αὐτῇ
572 1106 611 1153 δὲ
629 1111 680 1170 τῇ
704 1109 914 1171 πρεσβεία,
938 1109 1150 1162 ποικίλαις
1172 1109 1335 1170 τέχναις
1357 1116 1467 1157 ποιεῖ
1491 1112 1691 1175 χρωμένες

196 1172 269 1224 τὲς
291 1170 464 1235 ῥήτορας.
532 1174 594 1218 ‘O
617 1172 689 1235 μὲν
712 1171 795 1237 γάρ
817 1174 1049 1227 Ὀδυσσεῦς
1072 1174 1290 1237 ἀρχόμενος
1312 1180 1364 1222 τῖς
1386 1176 1506 1236 λόγε,
1538 1179 1592 1224 ἐκ
1630 1179 1692 1224 εὐ-

199 1238 290 1289 θέως
313 1236 398 1295 ἔφη,
423 1236 483 1284 ὅτι
507 1236 792 1301 Ἀγαμέμνων
815 1239 1074 1302 μετεγνωκῶς
1097 1239 1164 1286 ἐπὶ
1195 1243 1247 1303 τῇ
1286 1244 1356 1294 τῆς
1393 1242 1600 1305 Βρισηΐδος
1639 1243 1688 1290 ἀ-

197 1302 385 1366 φαιρέσει,
409 1302 476 1356 την
499 1322 543 1349 τε
565 1302 678 1367 κόρην
718 1305 951 1361 ἀποδίδωσι,
992 1304 1068 1352 καὶ
1101 1305 1204 1369 δῶρα
1238 1304 1295 1352 τοὶ
1330 1305 1402 1368 μὲν
1441 1308 1687 1371 παραυτίκα

197 1368 367 1430 πέμπει,
392 1366 449 1414 τοὶ
473 1369 506 1415 δ’
533 1368 661 1432 ὕςερον
686 1371 1011 1430 ἐπαγγέλλεται·
1035 1373 1059 1418 ἐ
1083 1368 1165 1434 γοὶρ
1198 1369 1240 1425 ἧν
1268 1372 1474 1435 χρήσιμον,
1514 1373 1688 1427 οἰδέντος

198 1433 257 1479 ἔτι
281 1438 333 1480 τὲ
355 1436 488 1496 ὓυμέ,
513 1439 656 1482 ταῦτα
680 1435 1007 1499 ὑπομιμνησκειν·
1040 1434 1194 1483 'Ami
1218 1441 1368 1500 πρῶτον
1402 1438 1593 1492 ἠθέλησεν
1616 1440 1689 1502 ἒμ-

199 1502 342 1562 βαλεῖν
366 1500 431 1546 τόν
455 1500 674 1560 Ἀχιλλέα
700 1503 751 1553 εἰς
769 1501 899 1548 οἶκτον
923 1506 998 1548 τῶν
1032 1502 1238 1555 ἑλληνικῶν
1279 1503 1572 1566 ἀτυχημάτων·
1618 1506 1691 1552 Εἷ-

197 1584 256 1611 τα
279 1563 408 1620 εἰπῶν,
432 1566 482 1617 ὦς
504 1565 630 1629 ὕςερον
654 1566 840 1625 βκληθεὶς
857 1568 1216 1630 ἐπανορθώσασῦαι
1240 1565 1318 1620 τοὶς
1356 1567 1580 1633 συμφορὰς,
1618 1573 1690 1618 ἐκ·

197 1629 257 1676 έτι
281 1629 500 1684 δυνήσεται.
571 1630 700 1679 Mero}
723 1636 866 1678 ταῦτα
906 1637 980 1678 τῶν
1021 1632 1188 1687 Πηλέως
1226 1633 1486 1696 παραινέσεων
1527 1635 1689 1698 ἀνέμνη-

199 1713 273 1750 σεν,
300 1695 426 1746 ἑαυτέ
448 1695 520 1758 μὲν
544 1697 721 1761 ἀφαιρῶν
743 1696 791 1744 vd
815 1696 1017 1757 ἐπαχθὲς,
1041 1701 1099 1760 τῶ
1123 1697 1163 1744 δὲ
1186 1699 1348 1760 μᾶλλον
1372 1699 1446 1745 οἷον
1470 1698 1595 1764 ῥέπειν
1620 1702 1688 1748 δυ-

199 1762 374 1822 νάμενος,
399 1774 417 1794 ‘²
440 1762 634 1824 προςῶπῳ
658 1766 715 1824 τῶ
737 1767 791 1809 τῖ’
813 1762 968 1826 πατρός
996 1762 1161 1827 περιθεὶς
1194 1762 1259 1810 τόν
1292 1764 1426 1824 λόγον.
1498 1765 1587 1815 Καὶ
1620 1765 1685 1813 ὅτε

198 1825 323 1873 ἐδόκει
347 1826 558 1891 πραότερον
583 1826 705 1875 αὐτὸν
723 1829 832 1884 εἶναι,
864 1829 957 1876 τὸτε
988 1829 1065 1876 καὶ
1099 1833 1173 1875 τῶν
1206 1829 1526 1894 Ἀγαμέμνονος
1565 1832 1688 1896 δώρων

196 1963 431 1993 commemorat,
447 1958 567 1990 dicens:
596 1961 714 1991 Cuncta
730 1963 794 1992 lzoec
808 1962 906 2002 fiola
923 1963 1023 1992 sciunt
1036 1961 1222 2000 juvenesque
1243 1972 1383 2001 senesque
1407 1962 1542 2001 Pelasgi.
1588 1962 1630 1992 In
1652 1962 1690 1993 iis

197 2006 312 2035 autem,
329 2012 399 2041 quae
415 2009 598 2043 sequuntur,
620 2004 747 2033 Graecos
768 2004 957 2039 adhortatur,
982 2003 1191 2034 collaudando
1213 2014 1265 2034 eos
1279 2004 1451 2034 artificiose,
1503 2007 1692 2047 Usquegaden

197 2045 329 2083 Dolopes
343 2046 467 2083 ignavos
483 2057 543 2076 esse
555 2050 682 2084 putasti,
698 2047 821 2087 Infelix,
837 2049 929 2078 veluti
945 2049 1030 2077 modo
1046 2048 1166 2078 cunctis
1181 2049 1369 2078 consuluisti.
1413 2047 1561 2088 Denique
1584 2048 1688 2088 ipsum

197 2087 473 2126 Agamemnonem
489 2087 598 2126 placat,
614 2089 747 2119 liberum
763 2089 791 2119 ei
803 2090 930 2128 faciens,
943 2090 967 2119 si
981 2089 1055 2120 velit
1070 2090 1169 2120 abire:
1194 2089 1270 2119 alios
1281 2091 1367 2120 enim
1380 2090 1572 2121 suffecturos.
1618 2091 1691 2122 Imo

195 2130 251 2159 etsi
268 2140 377 2159 omnes
391 2131 476 2171 fugae
490 2141 523 2160 se
545 2131 768 2168 mandaverint,
792 2139 898 2163 tamen
921 2143 953 2162 se
966 2143 1040 2162 cum
1056 2133 1140 2163 soeio
1162 2142 1401 2171 permansurum
1418 2144 1494 2170 esse,
1516 2144 1552 2164 ac
1569 2144 1690 2174 pugna-

196 2178 314 2208 turum,
330 2173 448 2203 dicens:
479 2176 610 2214 Uterque
625 2181 770 2210 nostrum,
786 2187 837 2215 ego
849 2184 875 2206 et
892 2177 1048 2206 Sthenelus
1058 2177 1275 2215 pugnabimus.
1322 2176 1436 2206 Nestor
1451 2187 1524 2207 vero
1539 2177 1625 2207 hunc
1648 2179 1688 2208 ob

196 2215 322 2255 egregia
337 2216 466 2255 quidem
482 2217 611 2247 consilia
627 2224 656 2247 et
671 2218 752 2248 facta
766 2218 978 2256 commendat,
995 2220 1053 2248 sub
1069 2218 1164 2248 finem
1186 2224 1291 2248 autem
1314 2219 1436 2249 consilii
1448 2219 1499 2256 ait,
1516 2230 1558 2255 se,
1574 2220 1689 2260 quippe

195 2264 271 2287 natu
294 2259 454 2297 majorem,
479 2259 612 2299 dignum
635 2271 700 2290 esse
719 2261 773 2301 qui
797 2261 972 2291 admoneat.
1017 2263 1067 2292 Ac
1089 2260 1218 2291 tandem
1239 2261 1379 2292 oratione
1401 2262 1605 2303 prosequitur,
1629 2273 1692 2303 quo

194 2306 286 2340 pacto
300 2300 394 2341 legati
410 2302 449 2332 ad
467 2303 623 2332 Achillem
640 2304 782 2334 mittendi
798 2305 868 2334 sint.

238 2344 337 2374 Porro
351 2344 382 2373 in
399 2345 454 2374 illa
469 2345 535 2384 ipsa
550 2345 715 2386 legatione,
738 2353 875 2377 oratores
891 2347 985 2377 variis
1005 2346 1122 2377 artibus
1137 2346 1184 2377 uti
1199 2346 1282 2378 facit.
1327 2347 1455 2387 Ulysses
1468 2358 1606 2389 namque
1622 2358 1692 2378 ora·

194 2386 314 2417 tionem
330 2387 501 2422 exordiens,
526 2398 589 2418 non
606 2389 710 2419 statim
732 2389 815 2424 dicit,
833 2391 1109 2431 Agamemnonem
1125 2390 1270 2429 poenituit
1283 2390 1369 2430 quod
1384 2391 1558 2421 Briseidem
1575 2392 1687 2429 rapuit,

194 2429 333 2468 puellam
348 2430 509 2460 restituere
524 2431 611 2469 vult;
632 2438 679 2462 et:
707 2432 802 2462 Dona
817 2433 961 2473 quaedam
987 2443 1072 2463 nunc
1089 2432 1193 2468 mittit,
1220 2433 1364 2473 quaedam
1387 2443 1459 2464 vero
1481 2434 1513 2464 in
1529 2439 1689 2472 posterum

193 2472 359 2512 pollicetur
384 2483 416 2503 se
438 2473 601 2504 daturum:
636 2485 738 2515 neque
763 2476 849 2505 enim
871 2475 1074 2506 commodum
1097 2481 1163 2506 erat
1188 2475 1243 2506 illa
1264 2486 1518 2511 commemorare,
1543 2482 1690 2516 turgente

194 2515 371 2546 etiamnum
391 2516 475 2546 illius
498 2516 615 2552 animo,
639 2517 694 2547 sed
717 2518 819 2557 primo
845 2518 1004 2549 Achillem
1027 2518 1065 2549 ad
1082 2518 1369 2549 commiserandum
1397 2519 1580 2549 Graecorum
1607 2519 1690 2550 vices

193 2564 358 2597 provocat:
381 2557 494 2589 deinde
508 2559 559 2595 ait,
585 2569 659 2589 eum
684 2562 812 2599 posthac
827 2561 1055 2592 calamitatibus
1070 2561 1132 2591 illis
1155 2561 1271 2592 frustra
1286 2561 1441 2592 medelam
1463 2561 1689 2599 adhibiturum,

192 2611 292 2641 quum
308 2611 371 2631 non
387 2602 522 2640 amplius
536 2603 655 2641 poterit.
701 2604 859 2644 Deinceps
877 2610 908 2634 et
921 2604 1008 2635 Pelei
1023 2605 1144 2635 monita
1158 2604 1203 2634 illi
1219 2605 1252 2634 in
1266 2604 1448 2634 memoriam
1464 2610 1594 2640 revocat,
1611 2604 1691 2635 dum

192 2644 344 2674 invidiam
360 2655 378 2674 a
393 2655 426 2675 se
440 2645 603 2681 amoliens,
626 2656 802 2677 sermonem
825 2657 965 2686 personae
979 2647 1075 2687 patris
1098 2646 1247 2681 attribuit,
1264 2653 1371 2686 utpote
1385 2657 1455 2688 quae
1470 2647 1573 2686 ipsum
1590 2647 1692 2688 magis

194 2687 317 2717 flectere
333 2693 441 2726 posset.
486 2688 628 2718 Demum
645 2689 770 2728 quando
781 2690 848 2730 jam
866 2690 971 2720 mitior
983 2690 1085 2720 factus
1096 2700 1161 2720 esse
1170 2689 1334 2725 videretur,
1351 2695 1418 2720 turn
1430 2689 1586 2720 donorum
1604 2690 1692 2730 Aga·

194 2730 374 2761 memnonis
387 2731 582 2761 mentionem
597 2731 679 2768 facit,
696 2743 732 2762 ac
746 2743 854 2763 rursus
875 2743 1052 2764 sermonem
1069 2733 1108 2764 ad
1119 2732 1359 2773 supplicandum
1383 2742 1439 2772 pro
1457 2733 1576 2762 Graecis
1591 2738 1691 2764 trans-

235 2828 255 2848 a
277 2818 428 2849 Fortassis
451 2819 495 2850 ita
520 2819 700 2861 legendum,
727 2821 778 2853 οἷον
810 2822 918 2876 τρέπειν
948 2825 1065 2865 ficere
1085 2829 1191 2863 posset,
1210 2824 1337 2864 parenti
1363 2828 1421 2854 etc.
1479 2822 1565 2854 Nam
1592 2827 1623 2854 et
1647 2821 1691 2853 sic

192 2859 340 2902 δυναμένῳ.
365 2864 476 2893 Castal.
520 2864 591 2894 An:
619 2865 652 2896 τὸ
667 2863 694 2895 δὲ
708 2879 741 2905 μ.
764 2863 815 2896 οἷον
830 2867 919 2907 fian-etv
961 2867 1052 2908 ῥέπειν
1068 2866 1191 2898 dicitur.

192 2902 349 2944 δυνάμενον,
364 2911 393 2936 et
407 2907 488 2946 quod
502 2906 600 2946 majus
623 2909 715 2939 veluti
736 2914 918 2941 momentum
