1856 3235
565 223 1125 272 PROLEGOMENA.
1501 232 1589 271 251

104 358 348 423 exemplar
374 355 576 403 Homeri
601 362 741 410 esset,
779 354 818 400 si
856 354 1013 400 minus
1054 352 1292 400 universae
1333 353 1505 416 poesis,
1543 363 1593 402 at

102 425 369 487 aliquarum
395 428 526 468 certe
548 420 773 483 partium.
843 418 1089 474 Quocirca
1112 434 1227 464 mox
1250 418 1372 464 alius
1416 420 1589 483 magis-

103 498 179 537 ter
202 505 304 536 sese
328 485 504 533 obtulit
528 484 773 531 Alcibiadi
800 484 982 540 dicens,
1020 483 1197 531 habere
1223 499 1272 529 se
1296 482 1584 541 Homerum,

106 562 155 602 et
178 553 372 617 quidem
411 567 440 596 a
475 566 525 598 se
565 550 670 613 ipso
711 549 1038 597 emendatum.
1110 547 1241 595 Tum
1284 547 1380 604 ille,
1421 548 1591 597 Itane?

103 619 282 682 inquit:
319 624 374 664 tu
401 614 672 663 Homerum
697 615 956 663 emendare
981 614 1090 672 scis,
1126 621 1176 661 et
1209 621 1373 661 tamen
1413 629 1590 676 pueros

105 684 265 738 doces,
298 698 356 730 ac
379 697 477 729 non
502 680 664 745 potius
687 679 1043 729 adolescentes!

693 884 996 937 XXXVIII.

171 1018 296 1067 Haec
320 1018 532 1067 narratio
554 1018 694 1066 nobis
718 1020 1028 1068 occasionem
1063 1017 1204 1066 offert
1237 1018 1287 1064 in
1310 1017 1592 1065 universum

105 1085 302 1133 dicendi
326 1084 561 1132 nonnulla
585 1084 645 1132 de
670 1092 779 1132 ortu
804 1085 953 1133 studii
992 1084 1163 1139 critici,
1202 1099 1264 1131 ex
1301 1083 1475 1146 quibus
1513 1100 1593 1130 ex-

105 1151 317 1198 istimare
339 1150 488 1198 liceat
511 1150 572 1197 de
598 1150 880 1198 conditione
915 1166 1079 1197 earum
1103 1148 1458 1204 recensionum‚
1486 1165 1595 1211 quae

103 1215 201 1264 hoc
241 1216 419 1263 saeculo
442 1215 667 1262 feruntur
703 1215 848 1262 factae
890 1232 1005 1263 esse.
1072 1215 1222 1262 Nunc
1261 1214 1390 1261 enim
1431 1230 1596 1269 nemo,-

104 1289 244 1345 puto,
281 1281 546 1336 mirabitur,
584 1281 786 1328 Graecos
819 1280 922 1344 jam
945 1289 1065 1336 tum,
1103 1296 1251 1343 quum
1275 1278 1598 1342 prosperrima

107 1345 235 1394 forte
271 1346 727 1408 suaingeniosiores
769 1353 930 1393 essent
967 1362 1110 1409 quam
1151 1345 1412 1400 doctioreS,
1450 1351 1501 1391 et
1535 1345 1595 1391 ab

107 1411 189 1458 illa
211 1412 500 1474 πολυμαθείᾳ,
539 1412 618 1458 cui
643 1429 782 1475 reges
807 1412 984 1459 deinde
1009 1411 1163 1458 otium
1186 1411 1517 1473 praebuerunt,
1550 1425 1596 1455 a-

106 1477 368 1532 lienissimi,
391 1478 604 1523 animum
627 1477 878 1540 paullatim
904 1476 1190 1540 applicuisse
1215 1475 1277 1522 ad
1295 1491 1401 1522 eam
1425 1482 1594 1530 artem,

108 1559 216 1606 quae
240 1549 344 1589 tota
368 1541 575 1589 collecta
599 1551 672 1589 est
697 1559 758 1589 ex
786 1541 1044 1606 multiplici
1085 1541 1310 1588 doctrina
1348 1539 1600 1587 literarum

108 1615 159 1655 et
182 1607 497 1670 antiquitatis.
570 1607 766 1654 Etenim
791 1624 899 1670 quae
923 1623 1081 1655 causae
1113 1606 1322 1653 maxime
1361 1605 1601 1668 perduxe-

107 1681 223 1720 runt
245 1681 434 1720 veteres
475 1672 536 1718 ad
578 1673 798 1720 criticam
842 1680 1010 1729 artem,
1040 1672 1143 1735 jam
1176 1680 1281 1718 tum
1307 1670 1494 1718 eaedem
1520 1687 1600 1717 ex-

109 1739 332 1786 stiterant
356 1754 538 1785 omnes.
609 1738 668 1784 In
694 1739 866 1800 quibus
891 1738 1046 1801 primo
1074 1737 1186 1784 loco
1220 1736 1465 1800 posuerim
1499 1752 1602 1782 mo-

109 1804 225 1851 dum
250 1803 385 1851 illum
410 1804 853 1851 conservandorum
878 1803 993 1850 olim
1019 1803 1303 1850 Carminum
1339 1817 1431 1864 ope
1457 1801 1601 1848 unius

109 1870 370 1925 memoriae,
394 1869 615 1932 proximo
641 1885 824 1916 errores
850 1876 899 1916 et
921 1868 1114 1915 fraudes
1138 1868 1188 1914 in
1207 1866 1472 1930 prodendis
1491 1883 1603 1914 auc-

110 1935 295 1982 toribus
319 1951 506 1990 eoru-m,
539 1935 686 1982 tertio
709 1935 865 1981 varios
888 1933 1241 1996 facillimosque
1269 1932 1431 1995 lapsus
1472 1932 1602 1979 rudi-

111 2016 194 2047 um
230 2016 460 2047 manuum
502 2000 552 2045 in
592 1999 758 2062 primis
799 1998 1153 2062 exemplaribus
1192 1997 1432 2061 parandis.
1506 1997 1604 2044 Sed

113 2066 203 2113 etsi
227 2065 331 2113 haec
355 2074 599 2128 postrema
635 2081 779 2111 causa
803 2064 1040 2127 ejusmodi
1066 2071 1153 2119 est,
1190 2071 1248 2109 ut
1287 2070 1397 2125 post
1420 2062 1606 2124 aliquot

116 2129 292 2178 saecula
313 2131 449 2178 istius
485 2131 598 2177 artis
639 2129 932 2177 desiderium
974 2128 1246 2176 necessario
1286 2127 1458 2175 suisset
1493 2127 1604 2174 alla-

113 2205 241 2252 tura,
291 2203 453 2243 tamen
500 2196 581 2259 qui
629 2195 829 2242 Graecos
869 2195 1013 2250 norit,
1067 2193 1211 2242 facile
1248 2192 1505 2256 intelliget,
1542 2193 1605 2239 ad

115 2270 214 2309 tam
239 2261 500 2308 minutulas
526 2278 664 2308 curas
695 2261 947 2323 ingenium
984 2276 1149 2307 eorum
1175 2276 1268 2307 nec
1292 2267 1392 2306 tam
1415 2267 1605 2306 mature

115 2343 208 2375 nec
249 2335 387 2374 tanto
425 2327 585 2374 studio
625 2328 841 2390 potuisse
883 2325 1196 2382 descendere,
1248 2325 1287 2372 si
1326 2324 1426 2371 sola
1472 2324 1605 2371 omni

116 2393 368 2456 scripturae
394 2393 670 2440 communia
695 2392 872 2440 menda
904 2391 1051 2439 libros
1083 2390 1424 2455 corrupissent.
1499 2389 1606 2437 Ma-

113 2467 228 2506 neat
267 2459 431 2522 igitur‚
487 2457 779 2520 singularem
837 2457 1081 2505 fortunam
1130 2456 1508 2504 Homericorum
1556 2463 1607 2502 et

117 2540 375 2588 supparum
401 2533 829 2571 monumentorum
855 2523 1101 2571 extudisse
1122 2521 1483 2586 quodammodo
1501 2520 1606 2584 phi-

114 2589 324 2654 lologam
350 2590 569 2645 criticen,
607 2589 754 2652 idque
780 2588 926 2636 etiam
950 2597 1107 2644 antea,
1134 2604 1279 2651 quam
1302 2602 1482 2634 nornen
1503 2585 1608 2633 Cri-v

114 2654 201 2702 tici
225 2663 308 2703 aut
332 2654 651 2703 Grammatici
677 2654 824 2718 vulgo
849 2654 1068 2702 auditum
1094 2661 1219 2701 esset
1238 2658 1271 2701 ².

157 2796 176 2815 a
200 2783 272 2816 Hac
288 2785 336 2816 11.
347 2792 436 2817 aetate
452 2786 636 2817 vocabulum
650 2785 934 2829 γραμματικοῦηοη
943 2785 1136 2826 prqfessz'onis
1147 2790 1220 2821 erat,
1238 2784 1292 2815 sed
1306 2785 1449 2816 scienciae.
1495 2780 1604 2811 Prius-

114 2838 209 2868 quam
225 2829 310 2858 enim
326 2829 560 2870 magnitudines
581 2830 705 2864 artium,
725 2836 760 2859 ut
778 2829 887 2859 Cicero
908 2829 960 2864 ait,
977 2829 1111 2859 diminui
1134 2835 1291 2868 coeperant
1306 2826 1441 2866 partium
1458 2823 1604 2853 distribu-

113 2871 209 2907 tione,
224 2873 422 2913 ἀγράμματος
438 2872 598 2903 dicebatur
613 2872 645 2908 is,
665 2872 719 2913 qui
735 2871 888 2902 scribendi
903 2878 935 2902 et
950 2871 1073 2913 legendi
1089 2871 1237 2902 facultate
1259 2871 1389 2903 carebat,
1406 2867 1458 2907 qui
1475 2876 1543 2896 cam
1561 2872 1606 2896 tc-

121 2915 221 2953 ”ebatv
237 2916 455 2958 Yeoessl‘a‘fmks
472 2926 520 2948 ΜΞ
535 2915 599 2957 ipsa
616 2916 821 2959 γραμματική,
838 2925 908 2957 quae
923 2915 1044 2957 proprie
1066 2921 1130 2947 erat
1146 2913 1375 2957 γραμμιτιστρῦ
1390 2921 1412 2943 s.
1430 2919 1610 2953 γραμματη-
