1856 3235
588 201 1149 252 PROLEGOMENA.
1524 214 1620 254 285

748 397 967 446 XLVII.

193 534 378 582 Verum
411 531 503 578 ista
526 529 689 578 omnia
721 529 790 578 sic
815 529 971 595 accipi
1009 528 1176 586 nolim,
1220 530 1356 594 quasi
1379 533 1532 582 bonos
1571 542 1621 583 et

127 606 375 649 accuratos
420 596 758 645 emendatores
803 612 981 661 negem
1022 596 1234 660 antiquis
1281 605 1332 645 et
1369 600 1620 662 exquisitis

129 665 378 715 codicibus
400 680 514 711 usos
539 679 657 719 esse,
697 663 851 726 iisque
877 662 1212 726 comparandis
1236 663 1500 727 genuinam
1524 665 1622 712 for-

126 747 254 780 mam
276 737 443 777 textus
473 729 764 793 quaesivisse.
834 728 907 776 At
929 728 1145 792 genuina
1167 727 1260 775 illis
1294 728 1390 776 fuit
1414 746 1484 787 ea,
1513 748 1622 794 quae

125 801 320 862 poetam
344 795 553 842 maxime
579 794 755 842 decere
779 793 1053 841 videbatur.
1125 794 1186 840 In
1211 811 1323 858 quo,
1354 811 1499 843 nemo
1523 813 1622 844 non

125 862 276 921 videt,
303 862 465 909 omnia
488 859 701 924 denique
726 859 789 907 ad
814 859 1265 907 Alexandrinorum
1293 861 1547 925 ingenium
1572 870 1622 911 et

125 928 375 976 arbitrium
417 926 590 974 redire.
663 925 993 981 Quamobrem
1033 925 1084 971 in
1109 933 1246 973 tanta
1267 934 1466 991 tamque
1501 928 1624 976 cala-

126 994 300 1041 mitosa
321 993 463 1040 ruina
486 991 789 1055 antiquitatis
824 991 1147 1055 prosperrime
1172 992 1351 1049 evenit,
1388 1001 1445 1040 ut
1467 994 1506 1041 is
1540 1011 1625 1058 po-

125 1060 361 1108 tissimum
387 1074 558 1105 manus
584 1057 868 1105 admoveret
891 1057 1041 1121 operi,
1067 1058 1451 1123 probareturque
1475 1061 1625 1108 maxi-

127 1143 221 1182 me,
248 1125 331 1189 qui
355 1132 489 1172 certe
513 1139 612 1170 non
638 1131 765 1171 esset
782 1123 833 1170 in
857 1123 1200 1181 audacissimis,
1221 1124 1303 1188 qui
1323 1141 1451 1189 saepe
1471 1126 1625 1174 Zeno-

129 1192 339 1248 doteam,
386 1189 716 1237 temeritatem
764 1193 1028 1246 coerceret,
1077 1190 1160 1253 qui
1205 1206 1344 1238 veras
1391 1193 1625 1240 sermonis

130 1257 295 1306 Graeci
328 1257 465 1320 leges
489 1255 765 1303 acutissime
801 1258 1016 1303 omnium
1045 1255 1359 1320 intelligeret.
1431 1257 1527 1305 Sed
1565 1259 1627 1306 de

129 1323 203 1371 his
227 1323 372 1371 rebus
395 1321 559 1385 paullo
581 1329 706 1385 post,
732 1322 815 1369 ubi
841 1321 1076 1385 exemplis
1115 1323 1375 1386 propositis
1397 1324 1630 1388 probatis-

130 1388 236 1437 simi
262 1387 434 1437 Critici
457 1387 710 1451 ingenium
735 1394 786 1435 et
806 1395 960 1435 artem
986 1387 1269 1435 describam.

195 1455 269 1502 Ea
293 1452 517 1517 exempla
540 1461 732 1516 sumpta
755 1461 869 1501 sunt
903 1470 965 1501 ex
989 1453 1203 1517 reliquiis
1241 1457 1440 1503 duarum
1475 1471 1631 1503 recen-

128 1521 321 1577 sionum,
348 1535 456 1583 quae
480 1518 594 1566 olim
618 1519 681 1566 ad
698 1518 1036 1566 Aristarchum
1055 1518 1402 1568 referebantur.
1471 1521 1628 1586 quue

128 1586 290 1634 statim
313 1592 424 1649 post
447 1592 654 1632 mortem
680 1584 782 1648 ejus
805 1584 993 1633 factum
1017 1585 1237 1633 arbitror.
1308 1587 1436 1634 Nam
1479 1604 1629 1651 quum

129 1651 438 1706 Ammonius,
477 1649 752 1698 Aristarchi
790 1651 984 1698 auditor
1024 1659 1075 1699 et
1099 1668 1349 1699 successor
1373 1653 1422 1699 in
1465 1653 1632 1701 schola

130 1717 485 1772 Alexandrina,
509 1715 687 1763 librum
712 1717 962 1773 scriberet,
987 1717 1075 1781 weg)
1097 1722 1173 1765 τοῦ
1194 1718 1253 1781 μὴ
1272 1719 1476 1780 γεγονέναι
1495 1720 1630 1767 πλείο-

127 1803 197 1837 νας
220 1783 391 1836 ἐκδόσεις
425 1786 499 1836 τῆς
523 1782 842 1847 Ἀρισταξχείου
884 1783 1125 1848 διορθώσεως
1144 1796 1176 1841 ³,
1202 1800 1436 1849 perquam
1476 1785 1629 1833 credi-

130 1849 225 1898 bile
251 1858 339 1905 est,
357 1848 460 1913 jam
484 1856 590 1895 tum
632 1849 880 1913 duplicem
916 1849 1182 1897 editionem
1208 1866 1293 1898 seu
1329 1851 1512 1915 duplex
1551 1868 1631 1900 ex-

134 1915 349 1980 emplum
372 1914 702 1962 Aristarcheae
725 1915 1025 1963 recensionis
1048 1916 1099 1962 in
1123 1917 1302 1964 muscis
1327 1916 1630 1966 circumferri

133 1982 351 2045 coepisse,
379 1981 504 2036 Quae
530 1980 696 2043 opinio
721 1988 772 2028 et
793 1980 922 2028 fama
946 1982 1092 2029 etiam
1114 1982 1291 2030 deinde
1306 1984 1484 2031 mansit
1502 1984 1634 2048 apud

133 2046 507 2102 Grammaticos,
551 2063 612 2094 ex
653 2047 828 2110 quibus
863 2047 911 2094 in
951 2047 1155 2096 Scholiis
1198 2065 1324 2112 saepe
1367 2066 1632 2098 consensus

131 2112 383 2177 scripturae
402 2112 655 2176 utriusque
679 2120 881 2160 notatur
896 2112 931 2170 ¹³,
958 2113 1070 2161 alibi
1097 2114 1214 2177 quid
1238 2115 1389 2162 altera
1407 2116 1465 2163 ab
1483 2115 1634 2164 altera

136 2177 326 2226 differat
349 2180 381 2234 ⁶,
408 2178 561 2225 rarius
584 2179 666 2235 ita,
693 2187 748 2226 ut
772 2179 1002 2244 πςοὲκδοσις
1041 2181 1100 2227 ab
1125 2181 1328 2228 ἐπεκδόσει
1368 2181 1634 2245 distingua-

132 2251 214 2292 tur
232 2241 266 2292 ἀ.
335 2243 512 2308 Neque
532 2261 648 2292 vero
671 2261 759 2308 per
783 2261 833 2292 se
858 2245 1174 2309 improbabile
1200 2255 1288 2304 est,
1307 2247 1513 2296 eandem
1531 2265 1633 2296 reni

174 2394 194 2414 a
217 2382 302 2414 Vide
315 2384 500 2423 praeclarum
518 2384 621 2416 Schol.
639 2395 657 2415 e
673 2385 816 2426 Didymo
831 2395 896 2416 exc.
912 2385 952 2416 ad
975 2386 1012 2417 κ’.
1027 2390 1100 2419 597.
1145 2387 1241 2418 Liber
1266 2387 1292 2419 is
1315 2389 1401 2419 haud
1424 2387 1520 2418 dubie
1547 2388 1631 2420 idem

133 2433 189 2463 est,
213 2427 267 2467 qui
298 2427 339 2457 ad
366 2429 400 2458 τ’.
424 2431 497 2459 565.
521 2429 642 2464 citatur,
667 2431 729 2472 mg>
756 2431 807 2464 τῆς
834 2427 1034 2465 ἔτεκδοθείσης
1057 2429 1235 2474 διορθώσεως,
1258 2438 1289 2461 et
1313 2433 1380 2462 haec
1407 2433 1539 2463 fortasse
1564 2443 1636 2464 vera

139 2469 310 2509 inscriptio.

175 2514 196 2543 b
220 2513 333 2544 Verbis
356 2515 387 2544 αι’
408 2515 614 2557 Ἀριστάξχου,
640 2515 672 2544 oea‘
695 2515 815 2558 'Agma-oi
833 2529 914 2556 χειοι,
937 2521 974 2547 ut
996 2515 1036 2547 σι’.
1064 2520 1115 2549 91.
1139 2517 1176 2554 β’.
1199 2521 1272 2548 221.
1296 2520 1335 2558 γ’.
1360 2522 1432 2551 999..
1456 2520 1485 2549 ε’.
1503 2521 1576 2549 803-
1601 2518 1636 2559 ζ.

136 2559 208 2587 288.
231 2558 257 2586 ι’.
273 2559 344 2588 576.
367 2563 407 2596 μ’.
423 2561 495 2587 404.
517 2562 549 2600 3¹.
565 2561 637 2588 681.
660 2557 800 2596 pluribus
827 2559 901 2595 ocis,
923 2570 1001 2599 quos
1017 2570 1089 2591 mox
1105 2561 1145 2591 ad
1160 2561 1238 2591 alios
1254 2572 1328 2592 usus
1343 2561 1486 2593 laudabo.

177 2609 195 2630 c
218 2599 269 2629 Ibi
285 2608 331 2630 est
347 2602 370 2631 ἓν
387 2603 424 2642 τῇ
448 2601 530 2642 ἑτέρᾳ
560 2602 614 2631 τῶν
639 2600 845 2644 Ἀριστάρχου,
869 2603 942 2632 alibi
970 2603 1066 2643 διχᾶς,
1091 2604 1187 2635 semel
1211 2605 1388 2646 iterumque
1403 2604 1581 2638 διήλλαττον
1603 2605 1639 2635 αἱ

133 2642 337 2685 Ἀριστάρχου.
385 2643 466 2673 Vide
481 2645 519 2673 ad
537 2648 574 2679 β’.
593 2647 662 2674 151.
688 2644 786 2675 Catal.
803 2649 852 2675 24.
869 2650 918 2676 86.
941 2646 982 2686 γ’.
1004 2650 1077 2677 416.
1103 2646 1136 2678 δ’.
1162 2651 1233 2678 282.
1260 2651 1332 2679 527.
1357 2652 1384 2679 ε’.
1412 2652 1479 2678 152.
1511 2650 1577 2678 181.
1593 2649 1639 2686 ,ζῆ

138 2688 210 2715 113.
232 2689 298 2716 174.
322 2687 362 2718 θ’.
378 2690 449 2717 213.
465 2691 535 2717 405.
558 2690 583 2718 ι’.
599 2690 670 2718 655.
687 2691 759 2718 677.
783 2693 818 2718 κ’.
839 2691 908 2720 159.
931 2696 969 2719 λ’.
982 2693 1056 2721 631.
1079 2692 1107 2720 ν’.
1121 2693 1194 2723 559.
1211 2694 1282 2722 6‘27.
1305 2693 1339 2730 ξ.
1358 2695 1409 2722 56.
1436 2695 1486 2722 67.
1511 2695 1584 2721 4⁴27.
1608 2691 1638 2721 0'.

136 2731 209 2759 450.
233 2735 275 2759 α’.
290 2732 360 2759 430.
376 2731 410 2760 α’.
426 2734 497 2762 579.
511 2732 557 2768 ψ’.
575 2734 645 2761 275.
662 2736 719 2760 etc.
764 2731 886 2761 Eodem
904 2732 922 2762 i.
939 2743 964 2763 e.
978 2732 1016 2763 ad
1031 2734 1160 2764 alteram
1177 2734 1346 2765 editionem
1368 2734 1532 2764 Villoison.
1544 2734 1638 2764 refert

139 2772 194 2804 τὰς
210 2772 614 2816 ἰξητασμὲναςᾋρισταίξχου
629 2777 661 2806 ⁷1¹.
682 2777 749 2804 130.
797 2775 952 2805 Caeterum
970 2776 1054 2806 fama
1078 2777 1144 2807 haec
1171 2777 1211 2808 de
1236 2778 1352 2817 duplici
1378 2777 1522 2816 exemplo
1548 2777 1635 2807 Aris-

136 2815 234 2844 tarchi
251 2815 341 2845 nobis
358 2815 423 2855 jam
447 2816 521 2846 olim
539 2824 613 2847 nota
628 2823 693 2847 erat
708 2827 745 2846 ex
762 2817 885 2848 duobus
902 2818 1016 2850 Scholl.
1032 2819 1072 2851 ad
1094 2822 1119 2851 l.
1134 2824 1207 2852 510.
1223 2827 1255 2851 et
1278 2825 1349 2852 655.
1373 2827 1403 2851 et
1423 2831 1460 2851 cx
1488 2819 1639 2861 Lipsicis:

136 2857 221 2897 apud
237 2857 437 2888 Eustathium
455 2869 524 2889 eam
542 2870 604 2890 non
622 2859 753 2891 memini
769 2870 820 2891 me
843 2861 954 2902 legere.

176 2899 202 2931 d
225 2900 271 2931 Ut
285 2901 324 2931 ad
341 2903 382 2932 π’.
396 2905 468 2933 615.
491 2905 526 2934 τ’.
541 2906 614 2934 386.
