1856 3235
589 208 1148 259 PROLEGOMENA.
1536 214 1630 256 289

127 347 422 396 Criticorum
437 345 663 410 judicare
686 343 924 408 possimus
943 346 975 389 ²¹.
1048 342 1108 389 In
1129 343 1390 392 virtutibus
1407 343 1510 408 ejus
1528 346 1622 409 pri-

123 431 202 461 ma
223 413 318 461 fuit
341 427 547 460 acumen
572 410 819 465 eximium,
857 425 955 472 quo
977 409 1345 472 grammaticam
1380 411 1618 463 rationem

122 496 330 534 omnem,
375 477 647 524 doctrinam
682 483 977 523 accentuum
1012 481 1063 522 et
1096 473 1330 537 reliquam
1370 476 1626 540 orthogra-‚

120 545 284 608 phiam
308 543 370 590 ad
393 542 527 605 leges
564 541 830 589 constantis
855 539 1092 604 analogiae
1127 540 1398 588 constituit.
1471 542 1621 598 Quod

121 609 262 674 quale
285 607 513 654 meritum
536 607 700 663 fuerit,
726 606 874 662 illam,
915 623 1059 669 quam
1083 605 1230 653 modo
1271 605 1386 662 dixi,
1425 615 1619 655 aetatem

121 675 302 738 linguae
333 681 384 721 et
409 672 717 720 Zenodoteos
743 688 927 720 errores
943 671 1237 735 recogitanti
1262 671 1522 720 clarissime
1542 691 1621 737 ap-

117 739 308 804 parebit
330 746 366 785 b.
422 738 574 795 ,Quid
597 738 801 802 quaeris?
836 737 918 785 Ab
945 737 1233 785 Aristarcho
1256 743 1468 785 maxime
1486 755 1621 802 repe-

117 805 269 853 tenda
291 804 406 852 sunt
428 805 561 851 initia
585 805 729 851 omnis
752 804 1014 850 subtilitatis
1032 804 1367 865 grammaticae,
1400 803 1619 868 incogni-

118 878 184 918 tae
208 878 352 918 antea
375 870 569 933 optimis
594 869 927 933 scriptoribus,
956 885 1050 916 nec
1075 869 1134 916 ab
1158 868 1263 932 ipso
1290 868 1620 932 Aristophane

119 936 233 985 satis
257 944 484 985 accurate
506 935 826 1000 investigatae.
897 934 1075 998 Neque
1101 951 1216 983 vero
1242 934 1293 981 in
1317 935 1620 998 gravioribus

161 1083 181 1104 a
201 1073 320 1104 Deberi
344 1072 378 1104 id
403 1079 480 1112 puto
500 1072 639 1103 maxime
665 1071 821 1113 Dionysio
848 1070 973 1107 Thraci,
1006 1071 1222 1102 amantissimo
1258 1071 1432 1102 Aristarchi
1456 1072 1578 1112 discipu

118 1115 327 1152 Parmenisco,
344 1116 509 1156 Tryphoni
525 1122 557 1146 et
571 1115 641 1146 aliis
665 1115 883 1150 Aristarchei&
908 1115 962 1155 qui
977 1115 1011 1145 in
1026 1115 1149 1154 scriptis
1171 1115 1236 1144 suis
1258 1114 1406 1145 lectiones
1421 1122 1453 1145 et
1469 1116 1621 1155 interpre-

122 1161 257 1190 tationes
270 1159 356 1190 illius
371 1165 566 1196 notaverant,
583 1158 668 1189 unde
684 1165 839 1199 congestae
855 1164 929 1188 sunt
943 1158 1057 1188 deinde
1079 1158 1112 1187 in
1128 1167 1257 1196 corpora
1281 1158 1489 1188 Scholiorum.
1534 1159 1618 1189 Vide

121 1203 163 1233 ad
176 1202 215 1239 β’.
233 1206 303 1233 111.
327 1202 426 1233 Catal.
450 1206 521 1234 169.
545 1205 573 1233 ε’.
589 1205 661 1234 299.
685 1201 739 1243 (cf.
755 1203 845 1232 Eust.
859 1212 889 1240 p.
905 1201 993 1240 556.)
1017 1203 1057 1233 97.
1079 1204 1153 1231 513.
1177 1200 1204 1231 ι’.
1218 1204 1291 1231 460.
1306 1200 1341 1231 c'.
1365 1204 1436 1232 207.
1480 1202 1532 1232 Ex
1554 1202 1622 1232 istis

116 1251 148 1276 et
169 1245 323 1276 similibus
345 1245 463 1285 scriptis
486 1255 717 1285 nonnunquam
741 1245 808 1284 ipsa
822 1245 915 1274 verba
938 1244 1112 1275 Aristarchi
1134 1243 1239 1283 legere
1261 1242 1419 1274 videmur:
1444 1250 1480 1274 ut
1495 1245 1549 1274 ubi
1570 1252 1619 1275 est

117 1290 228 1329 φησὶνὸ
251 1289 456 1332 Ἀρίσταρχος,
479 1289 517 1319 oe'.
533 1290 606 1319 554.
622 1288 660 1325 β’.
676 1291 705 1318 2.
719 1286 745 1318 ι’.
767 1291 840 1318 401.
861 1287 981 1319 ⁶2:585.
1004 1286 1038 1318 α’.
1062 1290 1112 1317 77.
1130 1287 1167 1317 τ’.
1192 1289 1242 1317 81.
1259 1286 1296 1326 φ’.
1321 1290 1393 1317 544.
1409 1289 1454 1328 χ’.
1478 1291 1548 1318 440.
1572 1289 1619 1326 ψ’.

116 1335 191 1364 525.
208 1335 281 1363 826.
302 1331 351 1362 vel
367 1332 558 1370 σεσημείωται
581 1333 649 1374 Ἀρ,
672 1330 710 1362 α’.
726 1333 799 1362 219.
819 1330 916 1361 Catal.
933 1333 1006 1360 344.
1030 1329 1058 1361 ν’.
1075 1333 1145 1360 257.
1160 1328 1191 1360 0'.
1207 1332 1257 1360 86.
1305 1329 1380 1369 Ipsa
1396 1336 1501 1361 autem
1526 1341 1620 1370 opera

119 1374 305 1410 Aristarchi,
319 1376 550 1415 “ruopnipmvoe,
576 1375 616 1405 τὰ
632 1375 699 1417 πρὸς
718 1376 865 1410 ‘Dalm-biv,
882 1374 922 1404 τὰ
941 1374 1008 1416 ⁷335
1025 1373 1158 1412 Κομανᾶι,
1185 1372 1219 1403 τὸ
1230 1373 1293 1414 περὶ
1314 1372 1433 1407 Ἰλιάδος
1447 1375 1498 1404 καὶ
1519 1373 1619 1406 Ὀδυσ-

116 1417 202 1454 σείας,
217 1417 395 1448 Scholiastae
410 1428 474 1449 non
490 1419 668 1448 habuerunt
682 1424 755 1448 anne
770 1417 877 1447 oculos
899 1416 1031 1455 integra,
1048 1416 1177 1446 fortasse
1199 1415 1411 1457 ne.integram
1425 1416 1554 1457 quidem
1569 1428 1618 1448 re-

115 1463 284 1492 censionem
298 1467 404 1492 textus.
449 1461 533 1491 Vide
549 1460 586 1491 α’.
603 1463 653 1492 97.
670 1463 741 1490 423.
765 1463 837 1491 524.
852 1459 890 1496 β’.
917 1463 985 1490 111.
1003 1463 1074 1491 125.
1089 1462 1162 1490 555.
1177 1461 1251 1490 597.
1269 1462 1342 1489 420.
1365 1463 1437 1490 423.
1461 1463 1533 1491 455.
1552 1460 1620 1492 Cat.

117 1507 191 1536 305.
205 1506 231 1535 ί.
247 1507 320 1536 549.
337 1503 376 1534 κ’.
391 1507 465 1536 597.
480 1509 518 1534 λ’.
533 1507 584 1534 40.
606 1507 680 1535 591.
695 1505 726 1545 ρ’.
749 1506 821 1533 575.
845 1502 882 1533 ω’.
903 1505 972 1533 110.
988 1508 1046 1532 etc.
1091 1502 1134 1532 In
1156 1501 1320 1532 nonnullis
1341 1502 1454 1533 horum
1477 1502 1619 1534 locorum

115 1546 215 1578 etiam
234 1548 325 1586 Λέξεις
349 1547 558 1577 Aristarcheae
580 1546 763 1581 afferuntur,
787 1552 818 1576 et
832 1545 935 1576 multo
957 1545 1062 1584 plures
1077 1544 1111 1574 in
1127 1544 1245 1575 Lexico
1268 1544 1441 1584 Apollonii,
1466 1553 1619 1585 excerptae

115 1600 226 1621 omnes
241 1600 278 1620 ex
294 1590 356 1620 illis
367 1589 454 1620 libris
468 1596 500 1620 et
517 1589 762 1620 Commentariis
777 1590 852 1629 ejus,
871 1589 928 1619 etsi
942 1598 998 1627 per
1013 1598 1045 1618 se
1060 1597 1133 1618 vero
1149 1598 1215 1617 non
1230 1592 1277 1617 est
1291 1588 1442 1624 absimile,
1459 1590 1620 1628 propriam

116 1633 292 1664 Aristarchi
306 1632 523 1663 collectionem
538 1631 634 1663 fuisse
649 1632 825 1673 glossarum
844 1632 1100 1662 Homericarum.
1139 1630 1231 1662 Conf.
1242 1631 1324 1661 brev.
1337 1631 1438 1662 Schol.
1450 1632 1491 1663 ad
1505 1632 1617 1673 Odyss.

117 1675 152 1710 η’.
169 1679 219 1706 24.
233 1676 266 1714 ξ’.
282 1679 333 1710 29.
346 1678 382 1707 τ’.
398 1679 470 1707 229.
483 1676 590 1716 Etym.
605 1676 654 1706 M.
671 1686 699 1715 p.
715 1679 786 1707 509.
805 1679 856 1706 27.
873 1681 931 1706 etc.

158 1720 180 1750 b
197 1719 289 1750 Conf.
315 1729 347 1758 p.
378 1722 450 1749 270.
477 1718 650 1760 sqq.‚Nam
679 1728 808 1753 errores,
832 1728 910 1759 quos
932 1718 1016 1748 notis
1037 1717 1081 1748 ibi
1104 1716 1278 1757 perstrinxi,
1302 1727 1398 1757 prope
1420 1728 1531 1749 omnes
1553 1728 1621 1750 cor-

118 1768 272 1793 rectorem
286 1763 466 1793 habuerunt
481 1762 712 1797 Aristarchum,
728 1761 785 1792 etsi
807 1762 834 1791 is
848 1771 918 1793 raro
941 1760 1125 1791 nominatur
1139 1762 1178 1791 ab
1194 1761 1242 1796 iis,
1257 1761 1313 1801 qui
1334 1760 1460 1792 decreta
1481 1762 1550 1802 ejus
1572 1772 1620 1793 se-

115 1806 181 1837 cuti
196 1811 279 1842 sunt,
296 1811 333 1836 ut
347 1811 475 1845 apparet
489 1815 527 1836 ex
547 1804 717 1844 Apollonio
734 1805 839 1843 Alex.,
864 1803 1058 1840 Herodiano,
1074 1803 1152 1835 aliis.
1197 1803 1261 1834 Sed
1275 1814 1302 1834 v.
1319 1803 1353 1834 in
1376 1804 1485 1844 primis
1502 1805 1620 1837 Scholl.

115 1849 156 1881 ad
170 1848 208 1885 β’.
223 1847 342 1881 3911.
358 1852 430 1879 400.
447 1848 481 1889 ζ.
497 1851 570 1878 434.
588 1848 625 1880 κ’.
640 1852 713 1879 408.
730 1849 768 1879 x.
786 1851 855 1878 128.
875 1848 902 1878 .‘.
920 1850 992 1878 617.
1009 1847 1043 1886 ξ’.
1065 1850 1090 1878 1.
1115 1847 1169 1888 (cfi
1184 1846 1225 1878 ad
1240 1847 1389 1886 Aponon
1407 1848 1468 1879 Rh.
1487 1848 1514 1878 Ι.
1532 1849 1621 1889 299.)

113 1895 187 1924 208.
202 1898 260 1923 etc.
304 1891 358 1922 Ad
381 1891 558 1931 prosodiam
573 1902 599 1922 s.
615 1897 762 1922 accentus
777 1891 934 1930 pertinent
955 1901 1003 1927 ea,
1019 1901 1088 1931 quae
1111 1890 1262 1931 leguntur
1276 1890 1318 1920 ad
1339 1890 1376 1922 ι’.
1393 1894 1465 1922 214.
1488 1895 1561 1923 396.
1582 1896 1621 1928 β’.

117 1939 190 1966 262.
237 1935 335 1966 Catal.
353 1939 403 1966 99.
419 1938 458 1975 Ιγ’.
474 1939 524 1965 20.
551 1938 619 1965 128.
642 1938 714 1965 544.
739 1934 770 1965 δ’.
791 1938 858 1965 158.
881 1937 954 1965 508.
978 1938 1007 1964 ε’.
1023 1937 1096 1965 269.
1118 1937 1191 1965 656.
1215 1933 1251 1974 ζ.
1269 1937 1341 1965 259.
1365 1937 1438 1965 244.
1459 1938 1531 1965 422.
1548 1938 1621 1966 518.

117 1980 150 2011 η’.
174 1981 245 2009 240.
270 1981 343 2009 555.
365 1979 390 2008 ι’.
419 1982 487 2010 150.
511 1981 582 2008 256.
607 1981 642 2008 κ’.
666 1981 738 2007 242.
762 1983 801 2008 λ’.
819 1981 890 2008 259.
907 1979 980 2008 270.
998 1980 1071 2007 454.
1086 1980 1159 2007 480.
1175 1979 1248 2008 495.
1263 1979 1336 2008 676.
1350 1984 1391 2016 μ’.
1407 1981 1460 2008 20.
1478 1980 1528 2009 55.
1549 1981 1620 2009 158.

118 2024 187 2053 195.
211 2024 282 2051 201.
297 2024 371 2051 557.
387 2022 414 2052 γ’.
435 2024 501 2051 105.
521 2024 592 2052 191.
610 2024 682 2052 545.
703 2022 736 2059 ξ.
750 2024 803 2050 58.
820 2024 893 2051 596.
909 2023 981 2050 465.
997 2024 1026 2050 o'.
1045 2023 1092 2050 10.
1113 2023 1187 2050 502.
1209 2023 1283 2050 520.
1298 2023 1374 2051 565.
1396 2022 1438 2051 τ’.
1462 2024 1530 2051 125.
1550 2025 1620 2053 185.

116 2067 190 2095 211.
205 2067 277 2094 524.
295 2067 367 2094 422.
390 2067 463 2095 542.
479 2067 552 2094 548.
575 2067 646 2095 558.
663 2067 737 2094 827.
753 2065 787 2094 σ’.
808 2066 881 2095 552.
897 2065 934 2094 τ’.
955 2066 1027 2094 559.
1051 2063 1083 2093 ν’.
1106 2066 1157 2093 55.
1179 2065 1251 2094 557.
1271 2062 1308 2102 φ’.
1335 2066 1403 2093 110.
1419 2067 1492 2094 551.
1507 2066 1552 2104 χ’.
1569 2067 1619 2095 67.

117 2110 155 2139 ω’.
174 2110 224 2137 84.
240 2110 308 2137 134.
325 2110 397 2137 228.
413 2110 484 2137 235.
501 2109 573 2137 247.
588 2110 661 2138 566.
676 2106 711 2136 111
733 2106 846 2146 quibus
868 2107 951 2136 bona
972 2105 1181 2136 fundamenta
1202 2112 1277 2135 sunt
1294 2106 1495 2136 accuratioris
1510 2117 1618 2146 proso-

116 2150 187 2181 diae.
232 2149 325 2180 Adde
339 2159 438 2189 pauca
453 2149 493 2180 de
508 2150 702 2189 anastrophe,
719 2149 758 2179 ad
770 2153 809 2185 β’.
830 2152 899 2180 150.
946 2150 1014 2180 Cat.
1037 2152 1088 2179 50.
1103 2152 1176 2179 346.
1197 2152 1270 2179 384.
1295 2152 1335 2188 γ’.
1359 2153 1430 2180 240.
1453 2148 1486 2180 δ’.
1510 2154 1559 2181 94.
1582 2155 1618 2181 os.

120 2197 190 2225 191.
234 2193 341 2223 Etiam
359 2193 392 2222 in
404 2193 634 2233 orthographia,
650 2203 721 2233 quae
743 2192 866 2231 proprie
879 2191 1003 2227 dicitur,
1029 2192 1211 2222 Aristarcho
1225 2192 1378 2223 debemus
1392 2192 1536 2232 plurima.
1549 2193 1618 2233 jam

118 2236 196 2267 olim
219 2235 315 2276 vulgo
337 2242 480 2275 accepta:
505 2243 541 2266 ut
562 2235 647 2276 quod
669 2235 863 2276 conjunctim
886 2236 1063 2266 scribuntur
1086 2237 1381 2276 παλιμπλαγχὸείς,
1406 2237 1617 2279 ταλινοςμὲνος,

117 2280 232 2322 iringa,
250 2281 496 2322 Knetffff¹053n⁷052
513 2280 716 2318 ὄνομάκλντος,
733 2289 797 2309 non
814 2280 911 2310 πάλιν
934 2279 1115 2319 πλαγχθείς
1131 2285 1197 2313 etc.,
1221 2281 1258 2309 α’.
1282 2282 1332 2310 59.
1351 2281 1422 2310 572.
1445 2281 1473 2310 ε’.
1494 2283 1562 2309 178.
1578 2282 1619 2311 θ’.

118 2326 191 2355 527.
206 2324 232 2354 ι’..
252 2325 321 2353 147.
337 2326 376 2352 λ’.
391 2325 463 2353 526.
480 2324 524 2362 χ’.
539 2325 588 2353 51.
601 2322 640 2353 cf.
652 2322 777 2361 Hymn.
793 2323 826 2352 in
841 2322 923 2352 Ven.
942 2325 1008 2352 111.
1030 2325 1108 2356 147„
1123 2328 1232 2351 contra
1246 2321 1438 2361 disjunctim,
1454 2323 1506 2353 καὶ
1522 2326 1618 2359 κεῖνος,

117 2367 170 2397 καὶ
186 2367 274 2401 κεῖθι,
290 2375 355 2395 11011
371 2367 499 2406 κᾳκεῖνος
514 2371 571 2395 etc.
587 2368 626 2405 γ’.
642 2369 714 2396 402.
731 2366 768 2404 ζ’.
789 2369 861 2396 200.
885 2371 952 2400 etc„
968 2364 1051 2406 quod
1067 2371 1273 2395 consonantes
1295 2365 1410 2403 passim
1433 2374 1497 2396 non
1519 2366 1620 2406 gerni-

119 2415 236 2440 nantur
250 2408 283 2438 in
300 2407 397 2443 codd„
414 2418 476 2449 qua
491 2407 530 2439 de
544 2418 578 2438 re
593 2418 694 2447 nuper
709 2408 774 2438 dixi
788 2408 822 2438 in
838 2408 930 2439 Praef.
943 2408 983 2438 ad
1000 2408 1111 2447 odyss.
1159 2407 1239 2438 Vide
1256 2408 1371 2439 Scholl.
1391 2407 1538 2448 Apollon.
1555 2409 1619 2440 Rh.

118 2452 149 2483 Ῑ.
165 2455 237 2484 769.
258 2451 328 2481 III.
343 2455 394 2482 57.
411 2457 443 2482 et
456 2458 562 2482 nostra
576 2450 617 2481 ad
633 2454 661 2482 ε’.
684 2455 755 2482 203.
771 2453 811 2482 θ’.
831 2454 903 2481 425.
916 2453 941 2482 ι’.
960 2454 1029 2482 154.
1053 2456 1125 2483 299.
1148 2455 1221 2482 570.
1238 2451 1277 2482 κ’.
1304 2455 1377 2482 258.
1400 2454 1440 2489 μ’.
1457 2456 1506 2483 26.
1522 2454 1551 2482 0¹.
1566 2455 1619 2483 51.

119 2502 177 2526 etc.
221 2494 346 2525 Eodem
367 2494 503 2534 pertinet
525 2493 769 2535 quodammodo,
795 2494 890 2534 quod,
914 2494 1093 2534 ubicunque
1120 2504 1174 2533 per
1197 2501 1333 2525 metrum
1361 2494 1482 2530 licebat,
1509 2495 1620 2525 veteris

119 2537 254 2570 Ionismi
271 2547 365 2568 causa
380 2539 473 2568 verba
487 2537 645 2568 truncavit
660 2537 838 2578 augmentis
852 2537 924 2572 suis,
939 2537 1121 2578 scripsitque
1137 2547 1201 2567 non
1224 2538 1316 2568 «τᾶλλ’
1331 2538 1443 2569 ἔπαθον
1459 2539 1510 2569 καὶ
1526 2540 1618 2569 πόλλ’

121 2582 261 2622 iunipiro,
274 2580 329 2611 sed
351 2582 453 2611 πολλὰ
464 2582 561 2612 πάθον
576 2582 627 2611 καὶ
640 2581 743 2611 ’τᾶλλα
757 2581 886 2620 μόγησα,
903 2581 1078 2620 σπλάγχνα
1094 2582 1236 2616 πάσαιτο,
1253 2582 1356 2621 ἄλγει
1369 2582 1468 2616 θῆκεν,
1487 2582 1619 2615 Γλαῦκος

121 2625 215 2659 viz-rt,
232 2624 367 2667 ἶχθαιξε,
382 2624 460 2659 ἕλκε,
484 2624 560 2654 item
584 2624 670 2666 νέρθε,
694 2626 791 2660 mbos,
815 2633 879 2653 non
902 2624 994 2667 ἔνερθε
1021 2629 1078 2653 etc.
1093 2625 1130 2654 α’.
1147 2627 1218 2655 598.
1244 2624 1280 2662 ζ’.
1307 2628 1375 2655 157.
1392 2626 1420 2654 ι’.
1435 2627 1507 2654 488.
1522 2626 1551 2655 0'.
1568 2629 1619 2656 94.

119 2673 160 2698 ω’.
186 2669 258 2698 648.
284 2673 316 2697 et
337 2667 412 2698 alibi
435 2667 622 2706 saepissime;
657 2665 817 2696 interdum
839 2665 918 2696 adeo
940 2676 1014 2697 cum
1048 2666 1251 2697 incommodo
1275 2666 1380 2707 aliquo
1404 2677 1621 2698 numerorum.

119 2710 269 2750 Denique
283 2709 344 2739 alia
359 2710 450 2740 istius
464 2709 661 2750 grammatici
678 2709 802 2749 generis
823 2719 850 2740 v.
864 2710 904 2739 ad
921 2713 958 2740 α’.
972 2712 1044 2740 565.
1060 2708 1092 2740 δ’.
1115 2713 1186 2741 245.
1209 2713 1281 2741 410.
1298 2713 1327 2741 ε’.
1345 2713 1416 2740 746.
1433 2711 1467 2749 ζ’.
1490 2713 1560 2739 432.
1577 2711 1620 2741 9‘.

120 2756 193 2785 296.
210 2754 273 2793 (ψ’.
289 2753 376 2792 275.)
392 2756 464 2783 441.
481 2756 518 2784 x‘.
533 2756 607 2783 552.
625 2755 696 2784 515.
713 2757 751 2783 λ’.
767 2755 840 2783 441.
861 2755 902 2792 μ’.
917 2755 990 2783 518.
1005 2755 1042 2783 κ’.
1059 2755 1128 2783 105.
1151 2754 1180 2784 ο’.
1197 2756 1271 2783 240.
1293 2756 1339 2784 π’.
1359 2756 1432 2784 579.
1448 2757 1479 2794 ρ’.
1496 2756 1546 2782 20.
1571 2757 1621 2784 95.

121 2798 194 2827 688.
211 2796 247 2825 τ’.
264 2798 314 2825 27.
330 2799 368 2835 φ’.
384 2799 455 2827 573.
479 2798 522 2836 χ’.
546 2799 619 2827 431.
634 2799 671 2826 ω’.
689 2799 718 2825 8.
742 2798 814 2825 551.
831 2805 869 2825 ex
885 2795 1000 2835 quibus
1020 2795 1167 2826 omnibus
1189 2803 1323 2835 apparet,
1348 2796 1379 2825 in
1395 2805 1490 2836 quam
1514 2795 1620 2825 minu·

123 2838 197 2868 tulis
211 2838 435 2878 quaestionibus
449 2838 505 2869 illa
520 2847 594 2870 aetas
609 2839 741 2869 haeserit.
787 2838 849 2869 Sed
864 2837 1018 2870 mittenda
1032 2845 1107 2870 sunt
1117 2840 1184 2870 haec
1198 2845 1229 2870 et
1240 2839 1339 2879 plura,
1352 2838 1391 2869 de
1407 2837 1519 2879 quibus
1530 2837 1563 2869 in
1575 2838 1623 2870 his

123 2881 287 2922 angustiis.
303 2882 417 2922 quibus
431 2892 593 2923 urgemur,
609 2891 738 2912 monere
750 2891 813 2912 non
830 2882 911 2913 licet.

177 2953 264 2988 Vox..
291 2953 334 2988 V.
895 2953 928 2988 Ο
951 2965 973 2987 o
