1856 3235
382 553 676 608 CAROLO
711 550 1045 601 PHILIPPO
1081 545 1412 598 GESNERO

199 702 568 748 CONSILIARIO
598 700 659 739 IN
689 699 848 738 AULA
878 697 961 735 EL.
1000 696 1120 735 SAX.
1155 694 1226 733 ET
1261 689 1602 733 ARCHIATRO

627 835 730 885 JO.
783 829 1183 881 MATTHIAE

330 969 439 1001 VIRI
463 965 686 1005 INGENIO,
709 962 971 999 DOCTRINA,
996 959 1202 992 MERITIS
1230 956 1478 991 ILLUSTRIS

687 1082 838 1122 FILIO
868 1078 1135 1119 ILLUSTRI

825 1230 859 1256 S.
889 1227 926 1256 P.
958 1228 1000 1253 D.

529 1337 613 1380 JO.
645 1333 984 1379 AUGUSTUS
1016 1330 1298 1375 ERNESTI.

169 1625 327 1687 CUM
355 1642 539 1700 primum
561 1642 782 1685 Homerici
812 1643 948 1700 operis
978 1642 1190 1684 Volumen
1222 1655 1246 1682 e
1277 1639 1469 1681 manibus
1489 1640 1671 1684 dimitte-

167 1727 278 1776 bam,
315 1726 356 1767 V
351 1726 390 1766 ir
418 1726 598 1775 illustris,
630 1732 855 1781 utcumque
885 1724 947 1766 vel
968 1731 1136 1765 auctum
1167 1739 1192 1764 a
1211 1737 1278 1763 me
1298 1721 1364 1762 vel
1390 1722 1673 1774 emendatum,

168 1806 465 1849 recreationem
485 1805 695 1861 quandam
725 1806 853 1847 animi
881 1821 904 1847 e
924 1805 1111 1847 molestia
1143 1805 1187 1844 in
1219 1818 1269 1845 eo
1305 1802 1444 1844 labore
1474 1802 1676 1845 exhausta

169 1883 375 1942 petebam,
407 1882 656 1941 eXponenda
702 1886 872 1927 Parenti
903 1885 1000 1928 Tuo
1031 1885 1160 1927 totius
1195 1885 1372 1926 instituti
1414 1885 1587 1935 ratione,
1635 1894 1677 1928 et

171 1982 266 2010 cum
286 1982 337 2009 eo
355 1967 482 2009 veluti
504 1982 628 2023 super
647 1965 708 2017 iis,
735 1982 830 2023 quae
850 1966 1035 2009 fecissem
1055 1967 1418 2022 destinassemque,
1441 1966 1680 2022 colloquen—

173 2050 242 2092 do.
305 2050 369 2100 Id,
402 2065 489 2091 non
519 2051 669 2101 dicam,
701 2065 826 2106 quam
851 2050 1085 2106 jucundum
1114 2050 1192 2105 ipsi
1227 2049 1363 2100 fuerit,
1401 2057 1442 2090 et
1477 2048 1567 2090 dixi
1597 2049 1679 2091 alio

172 2133 283 2175 loco:
317 2133 388 2174 sed
409 2133 510 2189 quid
530 2133 647 2188 operi
666 2132 764 2175 huic
785 2133 999 2189 profuerit,
1030 2132 1255 2174 dicendum
1275 2131 1449 2172 videtur.
1514 2130 1682 2172 Etenim

172 2228 270 2256 cum
289 2214 447 2256 consilii
467 2215 574 2256 ratio
593 2214 685 2255 haec
705 2222 821 2265 esset,
852 2221 900 2256 ut
920 2214 989 2255 illa
1015 2214 1143 2256 modo
1163 2221 1341 2270 quatuor
1362 2211 1589 2253 Volumina
1609 2225 1683 2253 ex-

174 2294 299 2350 empli
336 2294 546 2336 Clarkiani
581 2304 882 2351 repeterentur,
913 2311 1007 2352 quae
1039 2295 1191 2337 minori
1224 2294 1358 2336 forma
1384 2294 1427 2334 in
1464 2293 1684 2335 Britannia

173 2375 424 2432 prodissent,
456 2375 738 2433 haberentque
770 2377 924 2418 Iliados
956 2385 996 2419 et
1030 2377 1231 2434 Odysseae
1266 2375 1480 2425 Carmina,
1515 2382 1561 2415 ut
1590 2389 1684 2430 quae

175 2456 261 2498 sola
280 2456 368 2498 sine
388 2456 646 2500 dubitatione
678 2458 859 2500 Homeri
891 2467 1037 2509 essent,
1070 2466 1110 2500 et
1131 2459 1218 2500 sola
1248 2458 1311 2499 vel
1339 2458 1589 2514 legerentur,
1622 2455 1687 2496 vel

154 2535 352 2594 legenda
380 2538 589 2594 juventuti
623 2547 883 2594 putarentur,
915 2548 956 2581 et
985 2539 1039 2581 ad
1071 2540 1283 2581 literarum
1304 2552 1534 2597 graecarum
1557 2536 1687 2577 scien-

179 2617 280 2660 tiam
301 2620 639 2675 comparandam,
663 2629 704 2662 et
724 2621 778 2662 ad
798 2622 1012 2679 ingenium
1033 2622 1277 2679 fingendum
1298 2621 1584 2676 alendumque,
1602 2620 1688 2674 ipse

179 2712 247 2740 me
281 2699 470 2743 hortatus
502 2710 575 2753 est,
607 2709 654 2744 ut
683 2702 935 2744 absolverem
968 2702 1061 2754 hoc,
1109 2711 1156 2745 ut
1186 2704 1255 2745 ille
1284 2702 1530 2759 appellabat,
1563 2699 1688 2741 veluti

181 2793 345 2832 munus,
378 2781 657 2839 adderemque
704 2783 914 2826 Volumen
961 2784 1168 2841 quintum,
1200 2786 1243 2825 in
1278 2799 1362 2841 quo
1396 2783 1554 2838 reliqua
1586 2780 1688 2820 Car-

182 2861 298 2905 mina
317 2872 451 2908 essent
470 2865 661 2909 cumillis
681 2865 749 2910 edi
769 2865 904 2919 solita,
926 2874 969 2909 et
991 2866 1256 2909 Barnesianae
1277 2864 1533 2921 Appendicis
1564 2861 1685 2911 bona,
