1856 3235
285 229 378 269 298
768 225 1322 279 PROLEGOMENA.

287 355 435 402 totius
457 355 640 405 criticae
675 359 870 407 rationis
893 378 990 408 non
1015 364 1294 425 quaerimus-3
1330 381 1422 412 nec
1446 367 1645 414 materia
1678 385 1758 415 ex-

287 428 381 467 stat
404 423 665 484 quaerendi.
734 425 858 472 Nam
883 435 932 473 et
955 427 1034 474 hic
1070 429 1423 490 quodammodo
1444 432 1594 478 ruinoe
1608 434 1760 494 perie-

287 493 406 532 runt.
476 487 724 536 Habemus
764 507 894 538 nuno
922 492 1190 540 Homerum
1213 494 1263 540 in
1299 495 1531 552 manibus,
1557 513 1653 543 non
1679 497 1762 560 qui

285 551 442 612 viguit
474 552 525 598 in
560 570 641 600 ore
673 554 960 603 Graecorum
995 573 1202 613 suorum,
1240 559 1323 605 sed
1359 560 1472 607 inde
1506 578 1534 607 a
1573 562 1760 609 Solonis

286 618 582 679 temporibus
608 636 758 682 usque
783 621 843 667 ad
867 621 970 668 haee
1001 621 1330 670 Alexandrina
1353 632 1590 672 mutatum
1612 626 1758 683 varie,

286 680 645 744 interpolatum,
683 685 968 748 castigatum
993 694 1043 733 et
1066 687 1389 735 emendatum.
1459 690 1519 737 Id
1543 707 1568 738 e
1593 690 1761 754 disjec-

287 746 348 792 tis
372 746 654 809 quibusdam
686 749 875 797 indiciis
891 750 991 813 jam
1017 751 1200 798 dudum
1225 754 1426 801 obscure
1467 755 1761 817 colligebant

287 810 503 858 homines
545 813 677 860 docti
702 825 750 861 et
788 815 1002 863 sollertes
1014 836 1027 875 3
1063 833 1194 864 nunc
1228 818 1279 864 in
1301 834 1451 865 unum
1490 823 1762 882 conjunctae

286 892 430 923 voces
446 878 660 925 omnium
681 888 951 944 temporum
974 889 1226 939 testantur,
1249 891 1298 931 et
1319 883 1532 947 loq-uitur
1548 884 1760 932 historia.

1003 1078 1061 1125 L.

353 1202 425 1250 At
462 1203 675 1252 historiae
699 1207 831 1270 quasi
867 1208 1146 1271 obloquitur
1179 1209 1282 1272 ipse
1317 1215 1464 1265 vates,
1505 1216 1556 1256 et
1594 1215 1763 1256 contra

285 1273 490 1315 testatur
514 1286 679 1318 sensus
702 1272 923 1335 legentis.
992 1274 1164 1337 Neque
1187 1291 1302 1322 vero
1333 1275 1401 1321 ita
1424 1273 1694 1321 deformata,
1713 1281 1764 1321 et

287 1331 466 1380 difficta
502 1344 615 1382 sunt
651 1337 889 1394 Carmina,
915 1346 971 1385 ut
1009 1339 1059 1385 in
1093 1340 1234 1386 rebus
1271 1339 1470 1403 singulis
1503 1339 1674 1403 priscae
1713 1347 1764 1386 et

285 1413 383 1444 suae
406 1398 572 1447 formae
590 1401 730 1449 nimis
751 1403 995 1450 dissimilia
1013 1421 1114 1452 esse
1137 1404 1403 1452 videantur.
1471 1404 1627 1451 Immo
1651 1419 1764 1451 con-

283 1472 467 1525 gruunt
490 1465 540 1512 in
557 1466 613 1513 iis
638 1468 798 1515 omnia
820 1468 972 1516 ferme
990 1469 1039 1515 in
1063 1470 1189 1517 idem
1209 1470 1475 1534 ingenium,
1491 1470 1543 1516 in
1567 1468 1762 1542 eosdem

284 1544 456 1585 mores,
503 1531 552 1576 in
599 1533 803 1580 eandem
842 1533 1095 1581 formulam
1137 1535 1377 1583 sentiendi
1423 1543 1473 1582 et
1516 1533 1760 1597 loquendi.

284 1591 406 1639 Eam
439 1611 541 1642 rem
566 1598 766 1660 quisque
802 1599 970 1646 intime
1010 1600 1171 1655 sentit,
1198 1601 1279 1663 qui
1316 1608 1540 1648 accurate
1576 1606 1627 1672 et
1650 1615 1761 1671 cum

283 1674 425 1706 sensu
464 1660 605 1724 legit:
643 1679 699 1711 ac
723 1680 785 1711 ne
820 1665 871 1711 id
893 1665 1068 1712 sentias
1104 1673 1309 1721 tanturn,
1352 1665 1438 1712 sed
1478 1680 1631 1712 cauS1s
1668 1679 1764 1711 suls

280 1789 356 1819 satis
381 1796 473 1821 notus
494 1792 596 1828 fuerit,
620 1801 712 1835 atque
726 1797 806 1826 bene
819 1797 982 1835 explicitus
1003 1808 1021 1827 a
1038 1798 1230 1831 casaubono,
1256 1797 1376 1839 (Clark.
1387 1797 1485 1827 etiam
1508 1797 1601 1826 verba
1627 1804 1759 1834 apposu-

282 1833 332 1872 it,)
357 1840 461 1863 tamen
476 1845 494 1864 a
509 1835 596 1866 nullo
610 1837 735 1867 illorum
747 1839 902 1870 adhibitus
917 1840 956 1870 sit
970 1840 1010 1871 ad
1025 1841 1185 1881 vulgarem
1200 1848 1319 1871 textum
1345 1839 1586 1870 emendandum.
1628 1837 1761 1884 Numqe

282 1875 439 1906 Athenaeo
453 1878 558 1907 minus
572 1889 665 1919 quarn
683 1881 850 1912 Plutarcho
866 1883 958 1912 fidem
973 1884 1147 1913 habendam
1170 1883 1335 1922 putabant?
1358 1883 1403 1912 At
1426 1887 1555 1922 uterque
1577 1890 1633 1911 sua
1656 1879 1762 1929 ret-ulit

282 1927 320 1947 ex
339 1918 578 1950 Commentariis
591 1929 743 1961 veterum,
768 1924 954 1955 Plutarchus
977 1925 1105 1956 forsitan
1122 1936 1159 1956 ex
1187 1926 1369 1960 Stoicorum,
1393 1925 1446 1954 ille
1471 1934 1509 1954 ex
1533 1925 1761 1954 Grammatico-

280 1970 363 1990 rum.
410 1962 492 1992 Nam
511 1963 635 1994 Scholia
650 1966 699 1996 hic
712 1977 835 2006 quoque
858 1974 965 2003 tacere,
989 1978 1052 1998 non
1079 1969 1193 1998 mirum
1218 1974 1273 2002 est,
1295 1968 1443 2008 quoniam
1467 1977 1504 1997 ea
1526 1966 1559 1996 in
1585 1972 1649 1996 tota
1672 1970 1708 1997 Σ.
1729 1971 1761 1995 et

253 2011 265 2019 ·
281 2003 423 2041 proxime
438 2015 498 2044 seq.
514 2007 611 2045 rhaps.
628 2008 798 2038 admodum
824 2020 935 2040 manca
958 2017 1032 2040 sunt
1046 2017 1076 2041 et
1091 2011 1260 2049 interrupta
1282 2011 1356 2040 vitio
1378 2009 1501 2040 codicis.
1543 2009 1619 2040 Jam
1633 2015 1669 2039 ut
1682 2017 1760 2047 pau-

283 2046 326 2074 cis
341 2056 406 2076 rem
423 2057 594 2088 persequar,
619 2051 817 2081 Aristarchus
832 2053 864 2082 in
890 2053 984 2083 Scuto
999 2057 1069 2084 604.
1092 2060 1160 2092 post
1182 2055 1308 2083 verbum
1333 2053 1492 2094 τερτὸμευοι
1517 2061 1572 2082 seu
1596 2052 1761 2100 reeoebpnffs

282 2087 397 2118 delevit
411 2091 602 2121 mentionem
617 2097 762 2130 cantoris,
784 2096 867 2125 Μετὰ
882 2094 908 2126 δέ
924 2104 986 2135 σφιν
1002 2097 1143 2135 ἐμέλπετο
1167 2097 1240 2130 θεῖος
1265 2094 1349 2129 ἀοιδὸς
1379 2095 1538 2137 Φορμῖζων,
1560 2094 1614 2125 sed
1638 2093 1763 2143 reliquit

279 2140 387 2160 rursus
402 2132 486 2162 hunc
506 2144 627 2164 versum
653 2136 685 2165 in
711 2137 858 2176 Odyssea.
881 2148 979 2178 quum
1000 2138 1069 2169 illos
1093 2145 1162 2174 tres,
1186 2138 1532 2181 τερπόμενοι-μέσσους,
1554 2137 1588 2166 in
1601 2142 1701 2178 quarti
1723 2135 1763 2166 11-

281 2173 327 2202 bri
345 2174 530 2214 principium
546 2177 730 2213 transferret,
753 2180 865 2211 additis
887 2181 972 2216 adeo,
997 2182 1099 2212 nescio
1122 2181 1214 2215 unde,
1237 2181 1368 2216 duobus,
1389 2181 1444 2220 qui
1458 2189 1543 2210 nunc
1558 2184 1765 2228 numerantur

278 2217 411 2254 proximi
433 2221 478 2248 15.
495 2222 545 2249 16.
590 2220 776 2261 Quanquam
802 2224 859 2253 hac
883 2223 916 2252 in
942 2233 976 2253 re
999 2224 1103 2254 forsan
1127 2224 1238 2254 erravit
1260 2225 1440 2258 Athenaeus
1462 2222 1526 2252 sive
1540 2222 1574 2256 is.
1590 2231 1684 2262 quem
1705 2221 1760 2256 llle

279 2260 447 2297 exscripsit.
493 2261 575 2292 Tum
595 2263 726 2294 criticus
741 2265 781 2295 ibi
798 2265 995 2297 insimulatur
1010 2276 1065 2305 pro
1079 2267 1216 2307 genitivo
1239 2267 1414 2308 ἐξάρχοντος,
1437 2265 1492 2305 qui
1516 2265 1592 2295 Olim
1617 2270 1762 2295 consm-

279 2305 326 2330 ter
341 2301 438 2332 lectus
449 2302 491 2339 ad
507 2312 662 2336 cantorem
678 2308 819 2346 pertinet,
842 2307 949 2341 fecisse
964 2309 1190 2341 nominativum
1214 2310 1380 2357 ἔξάςχοντες
1390 2322 1400 2338 .·
1424 2307 1512 2356 quasi
1526 2307 1684 2356 saltatores
1697 2306 1762 2337 dici

281 2352 405 2382 possent
422 2348 549 2389 ἐξάρχειν
563 2351 690 2387 μολπῆς.
736 2351 817 2380 Nam
840 2352 999 2390 proprium
1017 2351 1047 2381 id
1062 2358 1107 2382 est
1121 2353 1195 2393 ejus,
1218 2362 1272 2391 qui
1285 2351 1403 2382 cithara
1415 2350 1464 2381 vel
1488 2351 1565 2380 tibia
1590 2355 1682 2399 canit,
1706 2359 1763 2379 seu

278 2388 420 2424 praeeinit
441 2391 542 2420 choro.
590 2391 633 2421 Ut
657 2402 742 2422 nunc
768 2404 815 2431 ap.
842 2393 1016 2424 Pindarum
1038 2402 1111 2425 sunt
1135 2395 1375 2437 ὰναξιφὸρμιγγες
1401 2393 1489 2433 ὕμνοι,
1511 2393 1555 2422 ἰῑὸ
1578 2392 1654 2424 ⁰¹²¹¹¹
1680 2390 1767 2431 apud

278 2429 414 2461 eundem
429 2439 516 2462 erant
532 2434 695 2476 ἀγεσίχορα
710 2437 849 2477 προοίμια,
873 2443 902 2466 et
917 2437 999 2475 apud
1017 2437 1227 2468 Stesichorum
1242 2437 1460 2479 ἀρχεσίμολτος
1477 2436 1596 2484 Μοῦσα..
1629 2434 1670 2464 In
1702 2443 1766 2475 quo

276 2470 350 2503 licet
366 2473 563 2505 Aristarchus
577 2477 784 2516 conjecturam
800 2489 888 2509 suam
904 2478 1006 2509 forsan
1021 2481 1100 2511 tueri
1116 2480 1264 2519 potuisset
1277 2479 1415 2510 doctiore
1435 2477 1659 2526 significatione
1685 2484 1762 2526 pao-³:-

282 2516 352 2549 adu,
377 2517 419 2555 (v.
437 2518 582 2556 Apollon.
599 2520 675 2550 Lex.
693 2531 719 2550 v.
735 2521 930 2562 ,castoreo-San)
954 2533 1017 2554 non
1041 2523 1150 2554 dubito
1175 2529 1279 2554 tamen
1302 2521 1408 2553 multis
1430 2520 1469 2551 de
1494 2530 1596 2551 causas
1620 2525 1764 2550 asseutll'l

279 2559 550 2596 reprehensoribus
565 2561 655 2592 illius.
703 2563 742 2593 In
761 2564 898 2604 Odyssea
913 2575 983 2595 vero
997 2565 1058 2596 illis
1074 2567 1210 2596 versibus
1224 2566 1275 2595 vix
1289 2564 1376 2596 locus
1396 2569 1461 2594 erat
1484 2568 1610 2603 propter
1623 2573 1669 2598 ea,
1691 2572 1763 2603 <1¹¹ae

279 2601 437 2632 verissime
452 2610 558 2634 monet
575 2606 690 2635 Athen.
707 2616 734 2644 p.
753 2610 820 2637 181.
844 2607 881 2638 E.
926 2608 968 2639 Et
982 2608 1066 2648 quod
1085 2611 1116 2640 ἐκ
1139 2610 1190 2640 τοῦ
1215 2608 1360 2651 Κρητικοῦ
1381 2606 1470 2648 χοροῦ
1494 2607 1540 2637 ‘7¹3‘
1565 2604 1629 2655 4313*
1651 2607 1761 2654 ἷξῐζλῑῆ

279 2642 376 2682 hujus
390 2645 433 2674 rei
451 2647 638 2683 probabilem
656 2649 806 2679 rationem
823 2649 941 2680 nullam
967 2651 1195 2689 comminiscor,
1215 2650 1379 2681 audaciam
1404 2654 1510 2680 autem
1533 2647 1708 2689 corrigendi
1729 2654 1762 2698 ‘ft

280 2684 411 2717 limandi
428 2698 522 2718 nemo
538 2699 602 2719 non
617 2690 764 2731 intelligit
779 2692 932 2732 insignem
949 2703 1024 2724 esse.
1071 2695 1116 2724 At
1130 2694 1223 2724 etiam
1248 2693 1406 2734 majorem,
1427 2697 1535 2730 utpote
1559 2697 1642 2722 certe
1661 2689 1760 2730 plun-

276 2729 338 2761 ,bus
353 2735 382 2759 et
398 2730 612 2769 pulcherrimis
638 2734 772 2764 versibus
798 2735 979 2771 minantem,
1003 2736 1145 2767 adhibuit
1170 2735 1329 2767 Diodorus
1351 2734 1605 2773 Aristophaneus,
1628 2732 1762 2764 delenda

280 2775 343 2800 tota
360 2775 531 2814 γαμοπαιῒᾳ,
557 2775 666 2814 Odyss.
683 2780 703 2806 5
713 2795 754 2800 —
765 2781 813 2808 20.
858 2779 978 2808 Verum
996 2780 1053 2809 hoc
1074 2779 1163 2810 aliter
1182 2779 1299 2819 accepit
1320 2777 1404 2817 apud
1421 2778 1612 2807 Athenaeum
1628 2776 1761 2826 casaub-

278 2824 376 2853 quem
392 2815 460 2846 vide
477 2827 502 2855 p.
519 2820 590 2848 526.
613 2819 666 2848 ubi
684 2826 764 2850 recte
777 2822 868 2850 ceiam
883 2832 917 2851 ea·
931 2823 985 2852 lwc
999 2824 1060 2853 loco
1076 2824 1275 2862 colligendum
1299 2821 1381 2856 dicit,
1403 2826 1518 2852 nostros
1542 2821 1630 2851 hodie
1643 2820 1760 2850 codices

281 2857 411 2888 Homeri
425 2861 466 2889 ad
480 2861 638 2892 editionem
655 2863 883 2894 Aristarcheam
898 2875 1010 2903 magna
1029 2876 1065 2896 esc
1081 2872 1170 2906 parte
1173 2865 1275 2908 fuisse
1288 2866 1466 2898 emendatos·
1509 2861 1607 2897 Plura
1621 2860 1661 2893 de
1673 2866 1760 2897 utra»

278 2909 339 2940 que
353 2901 426 2941 bviam
441 2912 459 2933 a
474 2912 525 2934 me
539 2903 572 2934 in
587 2903 675 2935 aliud
689 2910 810 2945 tempus
824 2912 1026 2947 reponuntur.

959 2951 979 2962 ,-

958 2960 977 2978 12
