1856 3235
603 221 1165 273 PROLEGOMENA.
1534 230 1554 269 1
1565 226 1627 269 89

131 362 259 410 Nam
284 356 414 423 quod
436 355 567 403 idem
592 362 764 404 auctor
795 353 1096 402 mentionem
1120 352 1238 401 facit
1263 362 1532 402 ceratarum
1556 362 1624 402 ta-

131 427 351 475 bularum
370 426 402 479 ²,
441 438 501 469 ex
523 421 598 469 his
633 428 766 470 certe
800 419 1049 470 volumina
1083 427 1133 469 et
1154 418 1264 467 libri
1290 421 1466 470 confici
1489 419 1625 468 nullo

134 499 280 559 pacto
310 494 591 555 potuerunt.

810 665 954 714 XVI.

196 809 270 858 At
292 825 422 865 vem,
463 808 501 856 si
537 808 621 856 diu
656 815 769 856 ante
813 808 1029 856 chartam
1071 807 1420 872 Pergamenam
1459 807 1628 856 radere

131 875 282 941 pelles
323 883 372 923 et
414 875 477 922 ad
518 874 827 922 scribendum
868 882 1033 938 aptare
1090 873 1240 938 coepit
1277 874 1431 930 Ionia,
1480 874 1631 921 idem-

134 958 229 1005 que
268 940 492 1005 populus‚
531 940 612 1003 qui
646 940 829 1004 primus
871 939 1099 988 Carmina
1120 939 1397 1004 perpolivit,
1436 940 1631 1003 expedi-

132 1008 307 1055 tiorem
331 1006 581 1054 materiam
606 1005 849 1053 scribendi
887 1014 1192 1054 commentus
1224 1013 1312 1062 est,
1352 1005 1470 1069 quid
1506 1022 1633 1069 quae-

133 1073 298 1129 rimus,
336 1072 478 1137 quale
500 1088 656 1135 genus
697 1088 857 1119 rerum
896 1071 1149 1119 exarandis
1189 1073 1285 1119 suis
1328 1071 1635 1119 Carminibus

133 1138 377 1204 usurparit
400 1145 535 1186 vates
560 1137 789 1185 lonicus?
823 1137 1074 1185 Videlicet

336 1239 443 1286 Οἷῶν
478 1239 592 1285 πώεα
615 1236 733 1285 καλοὶ
757 1237 832 1285 καὶ
855 1238 1032 1285 αἰπόλια,
1056 1239 1206 1286 πλατέ’
1235 1240 1373 1299 αἰγῶν.

138 1338 388 1387 Vellemus
425 1338 767 1387 tantummodo
811 1339 863 1386 id
904 1338 1160 1402 adjecisset
1200 1339 1500 1396 Herodotus,
1539 1357 1636 1404 quo

135 1412 356 1468 tempore
403 1421 460 1452 ea
507 1404 812 1452 consuetudo
860 1405 1036 1452 Ionum
1075 1404 1372 1469 frequentari
1414 1407 1634 1471 coeperit.

138 1470 431 1534 Quanquam
466 1486 567 1518 non
612 1470 808 1518 videtur
844 1470 986 1518 valde
1041 1470 1352 1534 frequentata
1390 1470 1553 1529 fuisse,
1598 1473 1637 1520 si

138 1536 336 1599 quidem
360 1534 590 1584 facillime
617 1536 760 1583 cessit
799 1536 979 1584 chartae
1002 1553 1301 1601 papyraceae.
1373 1539 1638 1586 Enimvero

135 1601 289 1658 illum,
327 1601 366 1648 si
405 1601 552 1648 modo
575 1601 680 1648 aliae
704 1601 916 1649 rationes
958 1603 1171 1659 siverint,
1209 1619 1309 1650 non
1347 1604 1524 1667 cupide
1567 1605 1637 1651 in-

134 1667 524 1731 terpretabimur,
562 1668 600 1714 si
623 1666 755 1714 hunc
779 1685 920 1715 usum
943 1667 1143 1731 pellium
1185 1670 1272 1716 sub
1298 1670 1533 1733 epocham
1571 1669 1638 1718 O-

136 1732 436 1797 lympiadum
460 1733 718 1781 inductum
745 1734 1011 1790 credamUS‚
1050 1742 1100 1781 et
1135 1735 1344 1798 petitum
1381 1737 1440 1782 ab
1467 1735 1640 1784 Orien-

137 1798 328 1855 talibus,
367 1799 497 1863 apud
537 1816 672 1863 quos,
709 1807 766 1847 ut
807 1800 920 1846 alias
946 1800 1175 1863 quasdam
1200 1802 1423 1849 barbaras
1447 1810 1636 1865 genteS,

137 1864 344 1912 invaluit
385 1865 580 1928 penitus
622 1874 671 1913 et
712 1865 979 1913 diutissime
1017 1866 1189 1930 viguit.
1279 1867 1375 1915 Sed
1415 1876 1471 1915 ut
1517 1867 1640 1916 illud

140 1931 410 1994 sumpseris,
450 1931 583 1994 quod
606 1938 655 1979 te
679 1930 841 1979 facere
867 1940 1049 1996 cogent
1088 1932 1284 1981 collecti
1322 1933 1495 1981 calculi
1532 1934 1640 1982 reli-

140 1997 238 2060 qui,
264 2005 428 2044 tamen
452 2013 514 2044 ne
538 2005 660 2045 tunc
685 1998 881 2061 quidem
902 1998 1181 2061 expeditam
1200 2015 1302 2046 rem
1322 2007 1371 2046 et
1389 2000 1641 2063 vulgarem

143 2061 323 2109 factam
366 2079 482 2118 esse,
520 2063 730 2126 ipsarum
771 2062 1019 2111 literarum
1059 2064 1184 2112 ratio
1224 2065 1454 2113 ostendit.
1526 2066 1642 2113 Non

142 2127 344 2191 amplius
367 2145 610 2176 moramur
635 2128 808 2176 Cadmi
837 2129 1000 2176 literas
1044 2138 1094 2175 11
1139 2130 1217 2178 vel
1263 2138 1336 2187 16,
1374 2148 1466 2179 nec
1510 2131 1643 2178 Pala-

142 2193 296 2240 medis
322 2202 349 2239 3
373 2193 450 2241 vel
475 2203 520 2251 4,
559 2202 644 2242 aut
667 2194 904 2258 quidquid
943 2195 1184 2259 discrepat
1226 2197 1458 2245 historica
1496 2197 1642 2245 inter-

141 2259 352 2322 pretatio
375 2267 580 2308 vetustae
603 2259 940 2308 fabulositatis.
1013 2261 1205 2309 Certior
1229 2263 1426 2326 quidem
1445 2263 1645 2311 historia

142 2324 304 2372 adhuc
331 2325 509 2373 saeculo
533 2326 625 2373 VI.
653 2333 703 2373 et
726 2326 789 2374 V.
818 2336 932 2374 ante
965 2327 1079 2375 Chr.
1108 2327 1343 2376 Simonidi
1369 2329 1472 2377 Ceo
1496 2338 1644 2393 atque

143 2389 437 2453 Epicharmo
477 2391 658 2449 Siculo,
711 2393 922 2457 antiquae
964 2393 1233 2456 Comoedias
1269 2395 1492 2459 principi,
1532 2396 1644 2443 satis

143 2455 358 2519 insignes
381 2465 543 2520 partes
567 2457 739 2505 tribuit
762 2458 812 2505 in
837 2459 988 2506 literis
1024 2460 1327 2524 complendis
1369 2470 1419 2509 et
1461 2462 1647 2509 inveni-

146 2521 284 2569 endis
309 2523 446 2570 novis
466 2521 499 2579 b,
539 2539 655 2587 quas
697 2522 876 2573 deinde
901 2541 1012 2573 cum
1039 2526 1279 2589 prioribus
1313 2527 1363 2574 in
1389 2536 1551 2592 aptam
1577 2544 1647 2575 se-

188 2684 207 2705 a
229 2675 312 2707 VII.
335 2682 414 2707 extr.
431 2676 464 2707 in
480 2676 609 2708 historia
626 2678 798 2715 Demarati,
829 2679 911 2720 regis
927 2679 1163 2719 Spartanorum.
1209 2680 1272 2712 Sed
1299 2681 1380 2712 illud
1404 2682 1446 2712 ibi
1471 2692 1535 2712 non
1561 2681 1651 2712 affert

148 2722 184 2748 ut
210 2728 337 2750 novum.
384 2720 498 2751 Ceram
522 2727 629 2751 autem
652 2722 746 2752 etiam
774 2722 806 2752 in
831 2722 967 2761 pellibus
993 2723 1165 2754 adhibitam
1192 2733 1260 2756 esse
1285 2735 1305 2755 a
1333 2725 1463 2765 Cypriis,
1487 2725 1651 2765 ingeniose

147 2761 283 2801 conjecit
298 2762 480 2794 Hemsterh.
496 2764 536 2794 ad
552 2764 676 2795 Polluc.
693 2765 734 2795 X.
751 2776 778 2803 p.
799 2769 889 2795 1214.

188 2804 208 2834 b
236 2804 320 2835 Vide
345 2805 470 2847 Hygini
496 2808 570 2837 Fab.
598 2811 669 2838 277.
717 2808 800 2838 Plin.
827 2808 913 2840 VII.
937 2811 988 2841 56.
1033 2809 1137 2841 Tzetz.
1165 2810 1247 2841 Chil.
1271 2811 1355 2841 XII.
1370 2814 1444 2842 398.
1491 2810 1593 2840 Schol.
1615 2810 1651 2841 in

149 2844 274 2878 Villois.
294 2848 413 2880 Anecd.
433 2849 487 2880 Gr.
504 2850 542 2880 T.
562 2850 609 2880 II.
626 2861 655 2889 p.
678 2854 747 2881 187.
794 2851 888 2882 Conf.
918 2852 1087 2892 Spanhem.
1107 2853 1147 2884 de
1174 2853 1213 2884 U.
1230 2860 1261 2884 et
1277 2855 1313 2885 P.
1331 2854 1428 2884 Num.
1456 2853 1541 2885 Dias.
1557 2853 1607 2886 ΙΙ.
1622 2863 1654 2894 p.

151 2891 203 2921 85.
250 2890 372 2922 Goensii
387 2891 426 2924 de
443 2892 606 2925 Simonide
623 2893 684 2926 IV.
702 2897 730 2926 1.
775 2895 968 2938 Mongitoris
985 2896 1135 2928 Biblioth.
1161 2897 1221 2928 sic.
1238 2896 1276 2929 T.
1293 2897 1322 2928 1.
1343 2907 1373 2937 p.
1392 2899 1462 2928 181.
