1856 3235
584 254 589 260 ,
606 207 1002 256 PROLEGOM
1007 208 1167 283 ENA.
1546 215 1566 252 1
1576 212 1601 258 7
1607 213 1635 253 9

141 341 346 404 phorum
371 339 513 387 etiam
550 338 612 385 ad
636 337 882 386 Socratem
922 355 1075 402 usque
1099 337 1226 400 apud
1254 344 1441 385 veteres
1477 354 1634 401 pauca

142 407 318 469 scripta
339 403 607 452 constitisse
631 403 720 462 ait3
756 404 808 450 in
830 404 934 467 ipso
960 404 1179 450 Homero
1202 403 1481 449 memoriam
1516 403 1630 450 ferri

140 472 332 518 unicam
373 468 624 516 custodem
647 485 830 527 rerum3
870 469 1075 517 eandem
1113 467 1364 515 Musarum
1400 476 1629 523 matrem3

139 536 261 599 ipsas
285 533 451 580 Musas
495 534 741 581 cantrices.
812 534 961 590 Quasi
985 550 1102 582 vero
1125 533 1222 580 vati
1245 533 1458 580 licuisset
1496 533 1631 581 fabu-

142 601 211 647 las
249 598 486 662 refingere
530 598 679 646 semel
713 607 932 663 receptas
969 599 1292 662 firmatasque,
1345 606 1428 645 aut
1464 607 1632 661 postea

141 665 390 728 quisquam
427 681 612 722 eorum,
653 665 735 728 qui
773 682 956 729 papyro
992 674 1042 713 et
1065 664 1250 712 calamo
1280 664 1353 711 usi
1388 671 1518 720 sunt,
1543 680 1631 726 pro

141 729 468 794 Mnemosyne
509 746 685 777 novam
718 729 1043 795 papyriferam
1076 730 1217 778 deam
1251 729 1302 776 in
1329 730 1537 777 Carmen
1562 729 1632 776 in-

141 795 373 843 duxisset.
445 795 656 843 Manent
689 795 818 851 talia,
862 796 951 843 etsi
976 812 1052 843 res
1087 803 1135 842 et
1159 811 1319 843 mores
1353 802 1631 852 mutantur3

142 860 552 924 quemadmodum
570 861 621 907 in
638 860 819 925 linguis
842 862 991 909 verba
1008 867 1223 916 manent,
1254 860 1633 924 significationes

136 926 409 975 flectuntur
433 926 496 973 ad
513 934 788 990 temporum
815 934 864 974 et
882 943 1044 974 rerum
1063 926 1441 974 vicissitudines.
1512 925 1635 973 Ver-

139 993 204 1041 bo
228 993 457 1055 πεμπάζειν
481 1009 632 1056 quum
651 992 807 1040 utitur
821 992 1116 1055 Apollonius
1137 991 1361 1039 Rhodius
1382 991 1477 1055 (II.
1495 991 1632 1052 975.)

134 1057 274 1108 ‚hunc
298 1073 443 1105 nemo
467 1074 581 1105 sane
608 1058 776 1106 credat
800 1059 1016 1122 quinque
1037 1058 1203 1121 digitis
1226 1074 1538 1115 numerasse3
1571 1073 1635 1104 ne

141 1122 420 1171 Homerum
456 1124 669 1186 quidem,
708 1124 792 1187 qui
828 1124 880 1170 id
904 1124 1197 1171 vocabulum
1225 1123 1359 1187 prior
1394 1123 1632 1171 adhibuit.

136 1187 269 1238 vNam
292 1192 344 1252 τῇ
367 1188 485 1235 κατὰ
509 1190 664 1236 δεκάδα
688 1190 905 1253 ἀξῶμὴσει
929 1206 1044 1236 usus
1068 1205 1223 1252 usque
1247 1189 1309 1236 ad
1348 1197 1524 1245 lO‚OOO
1547 1205 1636 1235 nu-

140 1261 310 1310 merat,
338 1263 389 1301 et
413 1255 684 1302 exercitum
712 1255 945 1302 Graecum
962 1254 1117 1302 ferme
1147 1263 1356 1311 100,000
1379 1254 1635 1303 hominum

140 1327 380 1381 recenset.
452 1320 752 1376 Contrarius,
780 1320 866 1368 sed
904 1319 1122 1384 ejusdem
1146 1320 1245 1368 loci
1269 1336 1401 1368 error
1427 1327 1568 1375 esset,
1596 1319 1636 1366 si

143 1385 249 1448 quis
275 1401 336 1432 ex
376 1386 592 1433 moribus
617 1402 716 1433 suae
740 1386 897 1433 aetatis
920 1387 1094 1448 εὐνομίην
1133 1385 1338 1433 Homeri
1373 1386 1452 1433 vel
1475 1386 1638 1449 ipsum

142 1450 256 1513 νόμον
295 1450 502 1497 Hesiodi
526 1451 588 1498 ad
613 1451 815 1515 scriptas
857 1451 1007 1515 leges,
1033 1452 1134 1499 sive
1173 1453 1266 1515 ὥξην
1289 1451 1350 1498 ad
1373 1452 1500 1499 hanc
1526 1467 1636 1498 nos-

142 1522 265 1563 tram
291 1515 580 1563 divisionem
606 1516 702 1564 diei
727 1516 945 1572 referret,
973 1533 1074 1573 sen,
1109 1517 1241 1580 quod
1265 1533 1398 1565 nunc
1423 1517 1636 1564 maxime

140 1579 343 1645 agimus,
370 1597 432 1628 ex
456 1582 606 1628 verbo
630 1583 794 1645 ’γράφειν
819 1593 903 1632 aut
925 1582 1122 1630 nomine
1147 1587 1262 1645 σῆμα
1281 1587 1297 1605 ²
1331 1583 1636 1646 scriptoriam

139 1654 294 1694 artem
304 1646 409 1710 jam
424 1654 545 1702 tum,
573 1663 724 1710 quum
742 1647 824 1694 illa
840 1648 891 1694 in
911 1664 1001 1694 usu
1022 1656 1199 1704 essent,
1217 1647 1468 1712 vulgatam
1486 1647 1636 1695 fuisse

143 1711 413 1775 colligeret.
485 1711 600 1759 Hoc
640 1729 766 1776 vago
805 1729 988 1777 genere
1029 1714 1262 1761 sermonis
1311 1730 1410 1760 non
1453 1721 1526 1761 est
1566 1713 1636 1761 ita

140 1777 441 1825 abutendum
465 1777 516 1824 in
541 1778 804 1826 scrutanda
837 1787 1081 1842 potestate
1116 1779 1480 1836 vocabulorum,
1519 1796 1636 1842 quo-

132 1859 248 1893 rum
273 1843 451 1907 cuique
476 1860 563 1891 sua
583 1844 809 1907 quaedam
832 1845 1033 1892 historia
1057 1853 1144 1902 est,
1172 1861 1281 1909 quae
1305 1862 1403 1893 non
1429 1862 1488 1892 ex
1518 1845 1634 1908 ipsis

139 1908 342 1957 vocibus
377 1916 428 1957 et
466 1908 813 1966 locutionibus,
851 1911 939 1958 sed
963 1928 1024 1958 ex
1062 1918 1338 1974 temporum
1369 1920 1419 1958 et
1442 1927 1634 1958 morum

141 1973 338 2022 aliunde
363 1974 562 2039 cognita
587 1975 871 2024 conditione
894 1977 1094 2040 pendet.
1146 1976 1250 2025 111ae
1269 1977 1467 2040 quidem
1487 1976 1632 2025 talem

142 2039 460 2106 quaestionem
485 2041 547 2091 ad
571 2041 757 2090 exitum
780 2058 880 2090 non
904 2041 1173 2093 adducunt.

810 2246 959 2295 XIII.

211 2372 270 2421 In
293 2373 385 2423 hac
411 2375 716 2425 dubitatione
735 2377 774 2425 si
794 2379 1138 2427 auctoritatem
1161 2387 1382 2428 veterum
1403 2379 1631 2443 requiras,

143 2440 359 2488 tenebrae
395 2450 662 2490 occurrunt
698 2459 981 2493 communes
1017 2445 1262 2510 plerisque
1302 2445 1634 2493 celeberrima-

184 2581 204 2600 a
221 2571 353 2603 Constat
368 2574 496 2604 verbum
515 2575 642 2617 γράφειν,
658 2579 694 2605 nt
709 2577 867 2618 χαρίτων
881 2582 913 2607 et
927 2576 1051 2613 similia.
1068 2588 1105 2608 ex
1121 2587 1255 2608 numero
1276 2577 1467 2608 factitiorum
1485 2579 1634 2618 (ὄνομαπ-

145 2615 357 2665 ξεποιημένωι)
386 2626 459 2652 esse,
489 2623 521 2647 et
543 2617 665 2656 proprie
679 2617 828 2657 fodiendi
850 2630 873 2650 s.
899 2622 1057 2659 scalpendi
1079 2620 1339 2661 significationem
1363 2622 1484 2650 habere.
1532 2619 1634 2649 Schol.

151 2655 301 2688 sheocrit.
315 2659 378 2689 VI.
397 2663 443 2690 18.
493 2662 614 2702 Γρέψαι
630 2662 664 2691 τὸ
680 2661 756 2698 {ioan
780 2663 804 2693 οἱ
819 2665 942 2693 ’παλαιαὶ
963 2664 1074 2703 ἔλεγον.
1118 2665 1257 2704 Hesych.
1283 2666 1411 2703 Γράφω·
1427 2664 1519 2702 ξύσαι,
1535 2663 1634 2703 χαρά-

144 2700 202 2736 ξαι,
226 2700 342 2738 ἁμάξια.
387 2702 452 2733 Hic
468 2713 543 2733 usus
558 2703 726 2736 manifesto
741 2705 984 2744 deprehenditur
1006 2707 1039 2736 in
1055 2707 1104 2737 his
1126 2706 1202 2737 locis
1217 2707 1373 2741 omnibus,
1402 2706 1441 2736 11.
1459 2705 1490 2736 δ’.
1509 2709 1578 2735 139.
1596 2704 1634 2734 λ’.

145 2745 220 2771 588.
235 2742 263 2772 ν’.
278 2746 350 2775 553.
365 2744 397 2787 ς’.
413 2749 485 2778 599.
502 2746 542 2786 φ’.
563 2750 632 2778 166.
650 2746 763 2787 Odyss.
783 2749 827 2788 χ’.
843 2752 914 2780 280.
930 2750 968 2780 ω’.
986 2753 1057 2781 228.
1084 2751 1191 2781 Etiam
1207 2751 1240 2780 in
1253 2749 1491 2789 nostrislinguis
1506 2749 1637 2777 verbum

145 2785 298 2834 scribendi
311 2788 486 2820 scabritiem
503 2790 616 2830 scalpri
642 2789 762 2821 fabrilis
775 2792 926 2823 similisve
950 2793 1151 2824 instrumenti
1167 2800 1264 2824 sonat.
1314 2794 1424 2833 Neque
1449 2790 1528 2820 illud
1547 2791 1636 2820 Grae-

145 2838 218 2858 cum
234 2828 495 2878 slgnificationem
515 2835 667 2873 pingendi
681 2835 775 2865 habet
796 2835 881 2875 apud
899 2836 1088 2867 Homerum.
1133 2839 1281 2877 Σημοίτων
1295 2843 1401 2866 autem
1424 2835 1487 2864 sive
1503 2834 1636 2871 onmia»,

145 2877 354 2920 quateflussta
369 2882 520 2905 vocantur
534 2877 621 2917 siglae
636 2883 667 2907 et
681 2877 743 2908 alia
756 2879 942 2918 compendia
964 2879 1127 2914 scribendi,
1151 2881 1252 2919 prima
1268 2879 1398 2917 vestigia
1412 2876 1547 2907 ostendit
1562 2883 1636 2906 aetas

149 2914 388 2988 {oplnstalrum3
407 2917 440 2948 in
464 2917 618 2959 prioribus
642 2922 834 2961 temporibus
852 2932 888 2953 ea
905 2923 1008 2963 inepte
1032 2924 1198 2963 quresieris.
1245 2922 1328 2952 Vide
1354 2920 1451 2960 Lipsii
1471 2920 1569 2959 Epist·
1596 2919 1636 2950 ad

180 2966 196 2986 e
209 2967 264 2997 gas
300 2982 307 2989 .
323 2963 376 2991 227.
