1856 3235
904 207 953 253 vi

188 353 231 393 in
252 349 383 391 Iliade
394 363 600 400 consonae,
617 351 961 405 pronunciatione
975 351 1238 407 duplicandae
1256 354 1310 396 ad
1330 369 1490 396 moram
1505 355 1674 412 syllabae

185 430 430 487 augendam,
461 431 506 471 in
525 429 686 481 futuris,
700 432 892 482 oaoristis,
922 433 1017 474 satis
1036 443 1286 486 constanter,
1316 450 1426 491 saepe
1445 436 1568 477 etiam
1588 436 1678 478 aliis

185 511 300 561 locis,
331 512 418 552 sine
437 511 727 566 duplicatione,
758 513 803 553 in
825 513 1011 569 Odyssea
1029 514 1272 572 plerumque
1291 517 1354 558 bis
1381 518 1544 572 scriptae
1563 525 1676 558 sunt:

189 592 339 635 deinde
359 593 402 634 in
423 593 526 642 aliis,
548 601 606 644 ut,
628 593 740 650 quod
759 595 803 635 in
825 595 954 636 Iliade
972 595 1057 638 fere
1071 606 1132 638 est
1152 602 1265 642 πόλις,
1296 599 1455 649 πόλεμος,
1479 599 1677 648 πολεμίζειν,

185 683 282 723 ποτὶ,
303 675 346 715 in
373 673 557 730 Odyssea
575 675 819 731 plerumque
845 690 941 718 cum
971 677 1088 718 editis
1109 682 1241 723 πτόλις,
1271 691 1374 718 πτολ.
1395 680 1504 732 orgari.
1565 675 1676 723 Quae

186 770 251 797 res
283 771 378 796 cum
420 755 631 805 similibus,
668 771 762 812 quae
795 758 1088 813 perspiciendis
1124 757 1343 812 Excerptis
1377 756 1528 797 nostris
1559 755 1676 797 facile

185 835 524 887 observabuntur,
555 836 663 879 clare
693 838 856 886 docent,
898 841 1094 895 primum,
1125 839 1380 880 diversorum
1413 836 1676 878 librariorum

185 922 374 976 exempla
391 921 528 972 fuisse,
559 937 582 963 e
601 923 749 978 quibus
768 924 995 978 Apostolius
1029 925 1209 966 Homeri
1240 924 1421 965 Carmen
1455 928 1677 975 utrumque

183 1002 365 1052 duceret,
396 1002 556 1052 deinde,
593 1018 679 1045 non
700 1020 819 1046 suum
848 1006 891 1045 in
926 1006 1143 1047 scribendo
1171 1006 1391 1060 judicium,
1422 1017 1499 1044 nec
1519 1010 1675 1044 certam

182 1079 327 1137 legem,
360 1082 430 1122 sed
464 1083 663 1137 exempla,
707 1099 799 1139 quae
833 1093 929 1126 ante
963 1085 1102 1126 oculos
1135 1084 1317 1133 haberet,
1352 1091 1537 1124 secutum
1577 1096 1674 1123 esse.

184 1164 372 1205 Omnino
393 1163 489 1204 Ilias
508 1164 749 1219 antiquioris
770 1166 983 1220 scripturae
1002 1165 1124 1220 plura
1147 1166 1317 1221 vestigia
1336 1163 1474 1213 habet,
1505 1170 1564 1213 ut,
1596 1163 1641 1204 iu
1661 1183 1676 1202 ο

183 1260 262 1300 pro
281 1266 317 1293 ω,
338 1245 571 1286 elisionibus
591 1246 858 1302 negligendis,
880 1247 1110 1287 omittendo
1132 1266 1144 1285 ν
1164 1251 1379 1299 {vannus-125,
1409 1245 1482 1286 ubi
1502 1259 1577 1300 per
1596 1259 1677 1286 cae-

183 1339 322 1366 suram
363 1324 512 1379 syllaba
542 1325 802 1380 producitur:
834 1340 1084 1381 quamquam
1118 1326 1162 1365 in
1197 1324 1278 1364 hoc
1312 1324 1434 1364 etiam
1477 1324 1676 1379 Odysseae

181 1407 384 1461 scriptura
403 1406 634 1447 accuratior
653 1414 712 1447 est
732 1407 847 1448 libris
865 1407 1051 1464 vulgatis,
1083 1419 1272 1460 saepeque
1302 1404 1361 1445 ita
1379 1403 1445 1445 vel
1464 1403 1594 1446 demit
1613 1405 1679 1446 vel

183 1488 312 1537 addit,
335 1495 381 1528 ut
400 1501 476 1528 nos
496 1487 812 1542 conjeceramus.
873 1487 1167 1529 Observabant
1185 1486 1309 1526 etiam
1329 1485 1514 1535 lectores,
1538 1485 1676 1541 Odys-

180 1583 260 1610 seae
281 1568 525 1622 scripturam
559 1568 678 1608 valde
698 1568 928 1609 consentire
954 1582 1049 1609 cum
1082 1566 1237 1608 Codice
1268 1565 1529 1616 Bentleiano,
1561 1567 1676 1621 cujus

181 1648 392 1701 Excerpta
410 1648 454 1687 in
478 1646 709 1688 Clarkianis
744 1649 852 1689 notis
871 1656 979 1698 sunt,
1011 1647 1083 1688 ubi
1115 1647 1180 1688 ille
1212 1654 1292 1687 stat
1322 1654 1468 1688 contra
1501 1647 1674 1702 scripto-

181 1743 276 1771 rum
297 1736 539 1768 caeterorum
560 1736 600 1769 et
620 1728 825 1770 editorum
845 1728 1074 1770 lectionem.

242 1809 450 1851 Caeterum
471 1808 522 1851 de
542 1809 661 1850 bonis
687 1809 836 1851 horum
872 1809 1088 1859 Codicum,
1120 1823 1214 1864 quae
1234 1821 1356 1863 supra
1376 1808 1597 1865 tetigimus,
1629 1809 1678 1850 il-

179 1891 253 1933 lud
274 1891 395 1931 etiam
416 1898 539 1931 restat
568 1890 990 1940 commemorandum,
1013 1889 1135 1946 ‚quod
1165 1904 1325 1939 eorum,
1356 1889 1586 1944 praesertim
1615 1889 1675 1931 al-

181 1973 319 2020 terius,
352 1971 421 2026 qui
443 1971 669 2026 Odysseam
692 1971 828 2020 habet,
860 1972 1037 2020 indiciis,
1068 1971 1131 2011 vel
1166 1971 1299 2011 oritur
1331 1970 1508 2024 suspicio
1546 1969 1614 2025 (11.
1635 1970 1673 2011 ω’.

181 2057 296 2106 562.)
327 2054 389 2094 vel
423 2053 610 2095 firmatur
650 2055 804 2109 opinio,
851 2054 903 2095 de
936 2056 1118 2096 versibus
1154 2055 1400 2110 quibusdam
1436 2055 1600 2110 spuriis,
1632 2064 1673 2098 et

180 2135 363 2190 posthaec
383 2136 426 2175 in
448 2135 625 2176 editione
645 2144 835 2177 accurata
854 2151 877 2177 e
898 2144 1015 2178 textu
1044 2138 1088 2178 in
1108 2145 1226 2177 notas
1247 2137 1493 2192 rejiciendis,
1524 2138 1674 2193 recipi-

179 2216 374 2271 endisque
394 2225 540 2257 contra
569 2216 774 2257 nonnullis
804 2217 1058 2268 lectionibus,
1089 2232 1183 2273 quae
1214 2217 1351 2259 adhuc
1380 2218 1424 2258 in
1443 2219 1552 2260 notis
1582 2227 1673 2261 tan·-

178 2306 268 2339 tum
289 2307 328 2339 et
348 2300 453 2339 inter
487 2299 633 2340 Varias
665 2299 883 2341 Lectiones
915 2308 1248 2341 commemoratae
1283 2308 1389 2342 sunt.
1450 2301 1541 2343 Nec
1569 2316 1672 2344 con-

177 2379 446 2420 temnendum
467 2389 525 2422 est
544 2380 636 2430 hoc,
669 2381 781 2436 quod
810 2381 1004 2423 lectiones
1035 2381 1232 2437 quasdam
1265 2396 1392 2422 novas
1419 2395 1474 2422 ex
1493 2381 1542 2422 iis
1571 2397 1669 2438 pro-

175 2460 282 2501 ferre
321 2461 446 2511 licuit,
479 2471 572 2503 ante
607 2462 793 2504 nondum
829 2464 871 2504 in
910 2463 1065 2504 Codice
1106 2463 1203 2506 MS.
1243 2471 1438 2518 repertae,
1468 2477 1564 2519 quae
1602 2467 1668 2508 vel

178 2541 425 2595 recipiendae
453 2544 494 2583 in
529 2552 687 2584 textum
710 2544 939 2594 videantur,
971 2553 1019 2585 ut
1052 2547 1209 2599 ἐνίπςηθεν
1238 2543 1287 2584 Il·
1319 2544 1368 2598 χ’.
1401 2544 1498 2584 374·-
1532 2552 1581 2586 ut
1610 2554 1667 2588 02»-

176 2623 275 2676 τςεψ.
296 2635 372 2675 pro
392 2630 483 2679 ἀνςς.
501 2626 555 2673 ψ’.
575 2628 671 2664 436.
692 2633 768 2665 etc.
787 2624 868 2666 Od.
890 2626 923 2664 ε’.
947 2629 1038 2665 145.
1058 2628 1111 2667 τήν
1129 2624 1175 2671 δε,
1201 2625 1291 2664 170.
1307 2629 1435 2679 κςῇἶναιι,
1447 2638 1526 2679 pro
1544 2631 1665 2681 κςῖιιι,

173 2704 215 2743 δ’.
247 2704 340 2742 735.
357 2709 501 2759 ὲτςηςῶς,
524 2714 564 2744 κ’.
591 2710 685 2745 326.
708 2708 872 2756 amam
892 2715 967 2747 etc.
998 2706 1062 2747 vel
1082 2706 1162 2747 alia
1180 2705 1401 2747 commoda
1421 2705 1589 2757 habent,
1620 2714 1667 2748 ut

178 2780 225 2821 Il·
248 2784 293 2823 ω’.
317 2788 412 2823 481.
444 2783 570 2829 ἄλλων,
605 2788 699 2827 771.
728 2788 856 2839 θςήνκς,
887 2788 1000 2844 quod
1029 2787 1098 2829 hic
1135 2787 1282 2830 Codex
1313 2787 1421 2830 solus
1449 2802 1546 2830 cum
1565 2787 1667 2844 Lip-
