1856 3235
599 210 1094 259 PROLEGOMEN
1098 212 1163 259 A.
1549 214 1642 259 293

149 345 373 394 tarcheis.
444 341 592 399 Quod
615 350 671 389 ut
693 340 922 390 facillime
960 341 1196 397 concedo,
1246 357 1307 390 ne
1330 342 1497 407 inepte
1531 359 1637 407 per-

148 412 284 458 tinax
309 411 394 457 sim
429 409 478 455 in
502 424 554 455 re
578 408 797 463 obscura,
823 408 891 455 ita
914 408 1113 455 minime
1155 407 1478 456 dubitandum
1520 410 1642 457 arbi-

149 485 265 532 tror,
295 475 409 538 quin
435 473 562 520 obeli
587 472 1007 536 frequentissimus
1033 481 1083 520 et
1116 473 1371 520 technicus
1395 491 1507 522 usus
1531 492 1642 523 auc-

149 541 334 590 toritati
359 538 628 586 Aristarchi
663 539 952 586 tribuendus
976 539 1052 586 sit.
1123 538 1251 585 Nam
1288 540 1377 586 etsi
1404 548 1454 587 et
1490 544 1643 589 Zeno-

151 607 294 654 dotus
319 614 368 652 et
394 604 744 668 Aristophanes
763 605 938 668 saepius
964 604 1196 652 dicuntur
1211 604 1394 667 aliquid
1418 606 1640 663 ἀθετῆσαι,

151 680 202 720 et
234 671 364 734 prior
387 670 532 717 etiam
566 669 814 717 infamiam
839 670 954 718 inde
995 670 1128 734 cepit
1151 670 1426 726 maximam,
1466 671 1642 718 horum

145 744 309 784 tamen
332 736 494 783 neutri
517 735 637 782 illud
661 736 854 800 signum
877 737 1109 790 άῧετῇσεως
1147 736 1291 799 pla-ne
1315 736 1545 784 tribuitur
1579 739 1639 785 ab

147 801 248 849 ullo
272 801 521 865 scriptore,
562 809 772 865 excepto
796 818 895 849 uno
918 801 1044 858 loco,
1082 818 1228 865 quem
1263 810 1464 865 propter
1499 801 1642 849 aliam

148 883 342 930 quoque
367 883 559 914 causam
583 883 671 931 pro
694 868 929 915 mendoso
953 868 1108 915 habeo
1133 881 1166 914 ².
1238 867 1297 914 In
1321 867 1488 931 primis
1528 884 1643 915 vero

145 932 252 980 haec
278 933 399 980 ratio
422 932 640 980 firmatur
659 950 731 989 eo,
759 933 890 997 quod
913 933 1076 997 plures
1095 932 1455 981 Grammaticos
1474 933 1642 981 adver-

143 1014 221 1045 sus
245 998 439 1046 obelum
466 998 738 1047 Aristarchi
762 1000 1065 1063 potissimum
1091 999 1335 1062 scripsisse
1355 999 1635 1063 reperimus,

143 1080 240 1111 non
267 1064 495 1113 adversus
520 1064 855 1113 Zenodoteum
881 1074 965 1113 aut
990 1065 1405 1128 Aristophaneum
1424 1072 1458 1113 b.

210 1130 241 1179 J
244 1147 320 1177 am
345 1130 405 1177 de
431 1147 482 1178 re
505 1131 611 1194 ipsa
628 1147 773 1178 nemo
795 1131 1099 1195 exspectabit
1122 1140 1178 1178 ut
1200 1131 1418 1194 pluribus
1444 1131 1642 1179 demon-

144 1202 306 1252 strem,
341 1196 536 1244 obelum
560 1198 618 1244 ab
647 1197 931 1245 Aristarcho
968 1213 1067 1244 non
1091 1205 1190 1244 tam
1215 1197 1271 1244 iis
1294 1198 1510 1244 versibus
1536 1214 1640 1245 esse

145 1262 474 1325 praepositum,
502 1279 623 1326 quos
649 1263 874 1311 crederet
899 1263 1105 1310 Homeri
1128 1279 1228 1310 non
1253 1278 1371 1319 esse,
1400 1279 1543 1326 quam
1568 1263 1643 1311 his

147 1329 387 1386 omnibus,
413 1329 495 1391 qui
521 1329 565 1376 ei
584 1328 867 1376 viderentur
891 1328 1026 1393 digni
1062 1329 1439 1392 reprehensione
1463 1329 1643 1376 minus-

146 1409 241 1456 que
266 1393 401 1457 digni
426 1394 537 1442 loco
562 1411 649 1442 suo
672 1394 752 1441 vel
776 1394 1128 1442 absolutissima
1151 1402 1255 1442 arte
1272 1394 1504 1458 principis
1528 1399 1642 1458 poi}-

143 1466 314 1506 tarum.
384 1458 463 1507 Ac
487 1460 605 1507 mihi
635 1461 831 1523 quidem
856 1461 936 1508 hic
960 1460 1197 1524 posterior
1219 1477 1333 1507 usus
1358 1460 1485 1508 obeli
1509 1460 1641 1508 vide-

143 1532 225 1572 tur
257 1535 475 1589 tempore
498 1526 681 1589 primus
707 1534 756 1573 et
798 1526 1150 1591 significatione
1174 1526 1384 1573 maxime
1419 1526 1642 1591 proprius

140 1589 304 1638 fuisse.
376 1591 669 1655 Quanquam
711 1592 840 1639 enim
865 1592 937 1640 vir
973 1591 1055 1639 ille
1079 1609 1192 1639 cum
1221 1592 1503 1639 doctissimo
1528 1608 1643 1655 quo-

144 1673 239 1720 que
280 1656 536 1720 aequalium
578 1666 891 1721 cognoverat,
931 1674 1098 1705 versus
1134 1658 1552 1722 παξεμβεβλημὲνους
1590 1658 1642 1704 in

141 1723 309 1786 priscis
344 1723 534 1770 vatibus
557 1723 656 1787 legi
697 1740 840 1787 quam
875 1723 1123 1787 plurimos,
1169 1732 1219 1770 et
1251 1723 1642 1787 interpolationis

142 1787 285 1852 hujus
321 1787 482 1836 fontes
506 1806 656 1853 prope
694 1805 793 1836 una
817 1806 930 1837 cum
972 1789 1281 1837 Carminibus
1320 1788 1435 1853 ipsis
1475 1806 1644 1853 proru-

143 1854 287 1919 pisse,
327 1862 490 1902 tamen
515 1871 630 1912 non,
672 1856 790 1919 quid
830 1855 1065 1903 cecinerit
1108 1855 1370 1911 Homerus,
1415 1855 1502 1903 sed
1525 1855 1644 1919 quid

146 1937 320 1968 canere
357 1920 595 1977 debuerit,
631 1930 852 1985 spectare
878 1921 1049 1969 debuit
1087 1921 1445 1969 emendaturus.
1514 1921 1642 1969 Nam

147 1986 185 2033 si
210 2002 270 2033 ex
284 1986 357 2042 iis,
384 2003 491 2049 quae
515 1987 753 2035 hactenus
778 1987 910 2034 dicta
933 1995 1060 2043 sunt,
1089 1987 1328 2050 capienda
1359 1987 1544 2050 species
1571 1995 1643 2035 est

145 2059 368 2099 veterum
394 2053 634 2109 codicum,
673 2069 793 2117 quos
817 2053 898 2100 ille
934 2053 1224 2109 adhibuerit,
1269 2053 1302 2099 ii
1326 2052 1377 2099 in
1414 2052 1568 2100 Iliade
1594 2060 1642 2100 et

147 2115 369 2181 Odyssea
395 2118 522 2166 inter
547 2136 597 2166 se
622 2119 754 2166 haud
776 2119 935 2166 minus
961 2118 1310 2176 dissenserunt,
1335 2135 1428 2182 qua
1453 2117 1643 2166 confor-

148 2184 359 2230 matione
378 2192 428 2231 et
452 2192 558 2232 toto
576 2185 743 2232 habitu
770 2184 1066 2248 singularum
1083 2185 1308 2249 partium,
1331 2201 1425 2248 qua
1442 2200 1646 2232 numero

189 2327 208 2346 a
231 2317 272 2347 In
289 2317 413 2358 Fragm.
443 2319 674 2356 Annotau'onis,
701 2319 865 2359 praeposito
878 2319 955 2350 olim
970 2318 1071 2350 codici
1088 2319 1181 2355 Ven.,
1209 2318 1293 2359 quod
1309 2318 1430 2350 editum
1447 2325 1495 2350 est
1509 2319 1542 2350 in
1561 2319 1643 2350 Bibl.

150 2359 314 2400 Goetting.
339 2367 411 2391 vett.
428 2360 485 2391 litt.
503 2362 530 2392 Ῑ.
559 2373 586 2402 p.
606 2367 655 2394 69.
681 2364 731 2393 Τδν
753 2365 849 2399 ἱβελὼ
868 2364 1008 2403 ἐλάβομεν
1024 2364 1055 2393 ἔκ
1082 2364 1133 2397 «τῆς
1152 2362 1302 2396 Ζηνοῖὁτου
1317 2362 1353 2393 διο
1371 2363 1493 2397 θύσεως.
1538 2363 1646 2394 Etiam

145 2412 216 2442 quae
233 2403 275 2433 ibi
291 2410 464 2444 sequuntur
478 2404 517 2435 de
531 2405 655 2436 duobus
669 2416 725 2435 vSS.
749 2407 956 2445 ἀθετουμένοις,
979 2406 1144 2446 pertinent,
1170 2406 1197 2436 si
1211 2406 1288 2446 quid
1305 2406 1341 2446 ju
1368 2406 1423 2441 ico,
1441 2406 1481 2436 ad
1509 2406 1645 2437 Aristar-

148 2443 256 2483 chum,
271 2456 334 2476 non
351 2447 390 2477 ad
409 2447 616 2478 Zenodotum.

191 2489 211 2519 b
236 2489 281 2520 Ut
297 2490 495 2520 Zenodotum
511 2491 664 2522 minorem
679 2491 711 2521 in
726 2491 804 2522 libro
820 2493 887 2535 πρὸς
904 2493 945 2523 «τὰ
961 2492 1009 2523 ὑπ’
1031 2493 1229 2536 Ἀριστάρχου
1243 2492 1425 2531 &Severiana
1448 2492 1499 2523 τοῦ
1513 2493 1643 2525 ποιητοῦ,

146 2530 221 2561 item
239 2543 331 2571 supra
346 2541 555 2564 memoratum
575 2535 796 2571 Callistratum,
815 2535 1015 2565 Demetrium
1032 2535 1188 2570 Ixionem,
1217 2535 1326 2573 Pium,
1341 2536 1419 2566 alios
1441 2535 1647 2574 ἀπολογουμέ-

148 2587 203 2608 Ιθνς
220 2577 287 2617 τρὶς
304 2577 357 2610 τὰς
374 2578 525 2611 ἀθετήσεις
544 2579 756 2620 (Ἃριστοίρχου
780 2579 869 2617 puta)
888 2588 944 2608 Seu
968 2579 1035 2620 πρδς
1060 2580 1124 2613 τοὺς
1141 2579 1263 2620 στίχους
1285 2579 1489 2617 ἦθετκμὲιους,·
1516 2579 1645 2608 fortasse

148 2617 242 2647 etiam
261 2618 454 2655 Cleanthem,
472 2621 609 2650 nobilem
628 2621 776 2656 Stoicum,
793 2623 818 2650 ἐν
838 2623 882 2661 τῷ
894 2622 962 2664 πρός
975 2622 1175 2664 Ἀρίσταρχον.
1221 2621 1306 2652 Vide
1331 2622 1426 2662 Diog.
1443 2622 1544 2651 La'e'rt.
1565 2620 1645 2650 v11.

151 2662 220 2689 174.
238 2661 349 2692 Scholl.
365 2662 405 2692 ad
420 2665 456 2693 α’.
481 2667 551 2693 424.
568 2665 601 2703 ζ’.
618 2667 687 2694 457.
703 2664 743 2701 μ’.
765 2666 832 2694 175.
857 2664 941 2694 Serv.
967 2664 1008 2694 ad
1027 2664 1112 2705 Virg.
1132 2665 1207 2695 AEn.
1223 2664 1264 2694 V.
1281 2668 1359 2699 735„
1384 2675 1448 2705 quo
1463 2664 1532 2694 loco
1558 2665 1644 2697 Pius.

153 2703 281 2733 Homeri
295 2712 518 2741 commentator,
534 2708 588 2746 qui
611 2707 643 2736 in
663 2706 776 2737 Scholl.
792 2707 886 2737 etiam
903 2709 930 2738 ι’.
945 2710 1018 2738 638.
1031 2707 1071 2737 λ’.
1097 2711 1165 2738 100.
1181 2707 1220 2748 φ’.
1241 2711 1292 2740 55.
1312 2711 1381 2738 147.
1397 2711 1468 2739 ⁴293.
1484 2705 1644 2742 laudatur,

148 2744 224 2775 dicit
237 2745 480 2786 descriptionum
504 2749 604 2789 Elysii
620 2750 683 2780 sive
699 2749 802 2789 potius
816 2750 991 2780 insularum
1007 2750 1248 2786 fortunatarum,
1264 2761 1342 2792 quas
1359 2749 1523 2781 Sallustius
1549 2749 1643 2787 scrip-

149 2795 228 2817 serat
244 2788 376 2820 inclutas
391 2801 459 2822 esse
477 2793 609 2823 Homeri
629 2793 836 2828 Carminibus,
861 2793 1015 2824 sublatam
1040 2804 1105 2825 esse
1123 2795 1140 2824 i.
1156 2805 1183 2824 e.
1200 2795 1372 2837 ἐξῃρημένη.
1419 2794 1572 2823 Putabam
1590 2792 1647 2820 ali-

149 2830 282 2870 quando,
299 2832 330 2862 id
346 2834 499 2872 pertinere
514 2835 552 2865 ad
579 2836 690 2875 odyss.
707 2836 738 2865 δ’.
756 2839 817 2868 5ἣό
832 2854 875 2860 -
891 2839 962 2868 569.
982 2837 1076 2869 Nunc
1103 2837 1221 2876 opinor,
1240 2837 1343 2868 locum
1362 2847 1423 2865 non
1444 2846 1509 2864 osse
1527 2836 1555 2863 in
1577 2835 1646 2864 110-

154 2883 237 2903 mero
255 2881 369 2905 nostro.
