1856 3235
0 2886 2 2972 ἰ

0 2995 4 3138 'l

0 3179 6 3235 Ι

590 210 1152 262 PROLEGOMENA.
1520 218 1608 257 281

121 367 227 398 rum
264 349 347 405 illi,
383 349 433 394 in
458 345 631 409 quibus
658 342 883 407 exemplo
907 341 1220 405 praeceptoris
1262 341 1335 388 sui
1382 349 1611 405 praestan-

117 416 411 464 tissimorum
434 417 686 476 poetarum
712 417 762 457 et
798 407 1060 455 multarum
1103 407 1459 455 Grammatices
1499 424 1607 471 par-

115 483 238 530 tium
263 477 637 543 explicationem
662 482 712 523 et
758 490 1011 522 censuram
1032 472 1317 536 complexus
1356 482 1477 530 erat,
1502 474 1607 537 jam

118 547 303 594 dudum
312 543 649 607 itaperierunt,
666 549 724 588 ut
740 557 803 588 ne
821 539 1025 587 formam
1043 539 1239 603 quidem
1256 537 1402 585 ullius
1419 555 1603 596 eorum,

114 628 273 676 neque
297 625 358 658 ex
382 608 495 672 ipsis
519 607 883 671 quaestionibuS,
926 622 1043 668 quas
1065 611 1376 660 tractaverat,
1420 612 1470 651 et
1505 606 1606 668 qui-

112 680 202 726 bus
243 675 387 724 etiam
412 690 545 721 nunc
569 689 747 737 magna
785 689 896 736 pars
936 671 1202 719 literaturae
1242 669 1433 727 nititur,
1468 671 1606 733 quid-

113 758 255 806 quam
294 748 471 804 praeter
515 739 751 802 dispersas
784 737 1016 801 quasdam
1058 745 1108 784 et
1147 736 1321 783 misere
1367 734 1603 784 laceratas

111 804 426 855 sententiolas
451 805 660 868 reliquas
685 803 960 851 habeamus.
1030 802 1101 850 Ut
1126 819 1186 850 ex
1211 802 1269 849 iis
1303 801 1453 857 libris,
1481 818 1602 865 quos

110 871 436 921 defendendae
476 870 714 934 analogiae
762 885 905 916 causa
952 875 1125 916 contra
1159 867 1411 915 Cratetem
1453 867 1602 931 scrip-

108 946 250 995 serat,
289 936 538 1001 quantillae
581 935 728 983 hodie
754 942 868 982 sunt
906 934 1124 998 reliquiae
1148 934 1195 982 a!
1266 932 1602 981 Illustraverat

103 1004 236 1052 idem
273 1002 646 1058 Archilochum,
686 999 927 1056 Alcaeum,
967 1001 1350 1055 Anacreontem‚
1388 998 1602 1064 AEschy-

104 1070 222 1127 lum,
283 1068 588 1133 Sophoclem,
640 1067 826 1122 Ionem,
877 1066 1162 1123 Pindarum,
1197 1064 1597 1129 Aristophanem,

106 1135 335 1194 Aratum,
358 1135 491 1182 alios·
565 1133 757 1180 Horum
776 1141 964 1196 partem
1003 1148 1116 1180 cum
1137 1131 1252 1195 ipsis
1291 1131 1602 1179 Commenta-

105 1202 187 1249 riis
222 1209 338 1249 aetas
364 1200 522 1248 Musis
562 1200 717 1247 invisa
740 1198 970 1256 abstulit3
1008 1197 1071 1245 ad
1106 1196 1270 1261 plures
1296 1213 1480 1253 eorum,
1519 1197 1601 1261 qui

106 1275 315 1324 exstant,
341 1266 463 1313 nihil
501 1273 733 1329 superest,
777 1272 912 1311 certe
937 1263 1069 1328 quod
1093 1270 1286 1311 constet
1324 1262 1452 1310 illius
1477 1279 1600 1322 esse;

103 1333 166 1381 ad
190 1332 424 1398 Lyricum
450 1332 646 1396 quidem
685 1338 735 1378 et
761 1330 1017 1378 Comicum
1056 1328 1253 1392 aliquid,
1282 1329 1369 1376 sed
1393 1327 1514 1375 nihil
1538 1329 1600 1376 ad

105 1399 171 1455 id,
215 1399 348 1463 quod
379 1397 494 1446 olim
533 1396 708 1444 fuerat.
780 1395 950 1451 Quid?
999 1394 1133 1459 quod
1155 1395 1466 1442 recensionem
1495 1393 1598 1458 ejus

102 1465 408 1512 Homericam
439 1463 703 1511 admodum
738 1478 895 1525 nuper
919 1470 1019 1509 tam
1041 1477 1214 1525 parum
1237 1477 1481 1517 noramus,
1526 1468 1598 1517 ut,

104 1538 345 1594 quatenus
368 1529 476 1578 haec
493 1529 694 1592 vulgata
716 1535 882 1574 nostra
904 1527 966 1574 ad
991 1544 1097 1575 eam
1138 1527 1413 1584 accederet,
1440 1544 1468 1574 a
1484 1526 1600 1574 viris

106 1596 263 1644 doctis
308 1595 487 1643 frustra
547 1601 863 1658 quaereretur.
956 1593 1050 1641 Cui
1098 1592 1355 1656 quaestioni
1400 1593 1492 1640 etsi
1537 1608 1600 1641 ne

102 1678 236 1710 nunc
261 1661 459 1726 quidem
484 1659 704 1708 satisfieri
741 1676 769 1706 a
791 1659 930 1707 nobis
968 1666 1146 1722 potest,
1172 1666 1340 1706 tamen
1380 1658 1598 1706 Veneto-

97 1745 207 1776 rum
254 1727 560 1776 Scholiorum
605 1725 845 1774 beneficio
891 1732 967 1772 tot
1012 1732 1263 1789 tantaeque
1322 1723 1598 1772 Aristarchi

98 1794 253 1858 copiae
275 1800 556 1858 patuerunt,
582 1799 639 1839 ut
661 1792 700 1839 is
724 1808 851 1838 unus
886 1791 1025 1838 nobis
1047 1790 1156 1854 plus
1179 1790 1339 1855 operis
1363 1792 1596 1855 praebeat,

100 1876 246 1924 quam
297 1859 417 1908 alius
474 1859 727 1923 quisquam
779 1856 1228 1905 Grammaticorum
1292 1856 1596 1905 Graecorum.

103 1926 216 1983 Qua
237 1926 289 1972 in
330 1924 629 1974 abundantia
651 1923 866 1971 materiae
905 1923 1001 1971 hoc
1041 1923 1153 1971 loco
1192 1922 1276 1971 vix
1315 1923 1600 1987 gravissima

99 2007 305 2056 quaeque
329 1991 591 2055 complecti
628 2006 794 2046 conor,
835 1990 948 2037 satis
984 1989 1252 2046 habiturus,
1297 1990 1335 2036 si
1372 1990 1599 2037 universe

100 2057 323 2122 quaedam
375 2056 725 2122 percurrendo,
780 2055 1215 2112 observationibus,
1263 2055 1326 2102 ad
1378 2054 1597 2120 singulos

98 2123 233 2172 locos
276 2122 484 2172 Homeri
508 2122 781 2180 afferendis,
807 2121 987 2171 idonea
1003 2121 1326 2170 fundamenta
1339 2120 1527 2186 jecero.

765 2319 952 2369 XLVI.

166 2453 311 2502 Hanc
336 2455 397 2502 ad
421 2471 523 2502 rem
547 2454 876 2502 necessarium
919 2461 993 2501 est
1029 2452 1277 2517 disputare
1316 2451 1600 2516 diligentius

103 2520 163 2568 de
183 2521 315 2568 omni
339 2521 530 2568 ratione
563 2520 757 2569 critices
775 2528 1013 2576 veterum,
1039 2536 1302 2583 veramque
1322 2518 1424 2583 ejus
1440 2518 1602 2565 animo

100 2601 274 2650 capere
328 2587 555 2652 speciem.
642 2586 878 2634 Nondum
921 2585 1051 2633 enim
1089 2585 1202 2633 satis
1242 2583 1560 2633 refutavimus
1580 2584 1599 2609 b

139 2735 159 2754 a
181 2724 265 2755 Vide
280 2725 381 2766 ‚Varn
398 2727 437 2757 de
453 2727 489 2757 L.
507 2727 543 2757 L.
558 2726 642 2756 VII.
662 2737 689 2764 p.
708 2730 780 2758 119.
810 2729 879 2756 121.
907 2725 1011 2755 VIII.
1035 2735 1079 2765 pr.
1095 2736 1124 2765 p.
1142 2728 1213 2756 126.
1232 2727 1300 2756 151.
1327 2725 1387 2755 IX..
1403 2734 1433 2763 p.
1452 2726 1520 2754 170.
1537 2723 1600 2754 col-

94 2766 160 2798 lato
177 2767 282 2798 Gellio
298 2769 348 2799 II.
365 2772 415 2801 25.
456 2770 523 2799 Illis
547 2769 623 2799 locis
638 2770 661 2798 si
679 2769 835 2799 addideris
853 2769 1002 2805 Quinctil.
1021 2769 1049 2799 1.
1065 2772 1093 2799 4.
1113 2772 1165 2799 20.
1189 2768 1310 2799 Charis.
1328 2768 1355 2798 I.
1371 2778 1400 2807 p.
1417 2771 1466 2799 94.
1513 2766 1599 2796 Pris-

94 2810 318 2884 ssaekrffxn'
335 2822 363 2851 p.
382 2816 472 2844 1065.
489 2816 580 2843 1106.
607 2813 742 2848 I’utsch.‚
767 2813 895 2843 habebis
910 2812 1027 2849 omnia,
1052 2822 1121 2854 quae
1137 2812 1244 2844 Latini
1259 2822 1296 2843 ex
1312 2812 1371 2842 hoc
1393 2820 1509 2851 genere
1525 2819 1599 2840 con-

136 2897 157 2928 b
180 2897 200 2937 §
227 2896 434 2930 XXXVIII.
458 2898 613 2938 praecipue
636 2909 665 2939 p.
682 2901 754 2930 255.

146 2951 236 2990 Vox..
261 2954 304 2991 V.
821 2956 857 2991 N
883 2968 905 2991 n
