1856 3235
933 175 986 223 ix

195 301 280 345 Sed
311 298 618 343 excusationem
650 298 767 341 dabit
795 297 892 348 hoc,
935 298 1049 355 quod
1083 299 1137 341 ab
1164 299 1285 342 initio
1319 299 1399 342 hac
1431 301 1592 344 ratione
1621 311 1695 345 aut

193 383 365 427 omnino
395 396 497 433 non,
529 388 603 424 aut
635 380 873 439 parcissime
907 379 970 422 uti
1003 380 1209 436 placebat.
1284 380 1545 424 Verebamur
1573 383 1702 435 enim,

189 480 244 507 ne
276 464 408 519 major
436 462 555 504 fieret
585 461 734 513 Index,
778 476 904 518 quam
932 461 1027 502 libri
1065 461 1216 504 modus
1255 461 1392 503 ferret.
1455 463 1569 513 Post,
1600 477 1699 505 cum

188 545 345 602 aliquot
363 543 542 602 plagulae
562 551 696 586 essent
715 557 919 599 expressae
939 542 1098 594 formis,
1129 543 1457 599 videremusque,
1496 552 1700 599 quantum

187 639 408 668 numerum
441 632 607 681 caperet
639 638 724 666 una
768 624 951 681 plagula,
997 625 1247 667 mutavimus
1286 624 1519 675 consilium,
1566 633 1608 666 et
1648 642 1697 668 ea

188 706 428 764 diligentius
463 713 610 748 notare
648 705 861 761 coepimus.
942 705 1090 762 Itaque
1121 706 1313 748 studiosis
1352 706 1559 763 reliquum
1599 706 1694 757 erit,

185 787 298 843 quod
318 787 536 831 observent
555 801 604 828 ac
622 794 783 828 notent:
815 770 1080 842 habebitque,
1117 787 1188 842 qui
1220 795 1315 843 post
1348 802 1425 829 nos
1448 787 1689 829 Homerum

182 867 291 919 edet,
322 868 436 925 quod
455 876 564 926 agat,
586 868 829 924 supplendo,
851 867 1062 918 addendo,
1096 883 1190 924 quae
1211 884 1236 911 a
1262 869 1382 911 nobis
1403 885 1500 911 casu
1521 877 1695 924 praeter-

184 950 308 992 missa
327 956 438 1001 sunt,
472 957 513 992 et
545 948 716 992 fortasse
747 949 872 991 etiam
907 948 1181 1001 detrahendo,
1213 958 1260 992 ut
1296 949 1520 1006 perfectior
1557 950 1696 993 Index

184 1031 395 1083 reddatur,
426 1038 467 1073 et
485 1030 608 1086 plane
643 1038 762 1087 aptus
782 1031 973 1073 studiosis
993 1031 1218 1073 literarum.
1282 1031 1323 1073 N
1326 1046 1407 1073 unc
1441 1031 1521 1073 hac
1550 1040 1694 1074 nostra

182 1127 321 1168 opera,
343 1127 437 1169 quae
457 1112 577 1154 nobis
596 1112 843 1168 permolesta
860 1112 953 1164 fuit,
976 1127 1053 1154 nec
1073 1112 1185 1154 aliud
1200 1112 1348 1155 habuit
1366 1114 1528 1171 gratiae,
1563 1129 1691 1170 quam

177 1194 292 1251 quod
311 1208 397 1235 uno
417 1201 560 1236 tenore
580 1194 814 1236 universam
836 1193 1017 1235 Homeri
1048 1194 1304 1251 graecitatem
1325 1195 1502 1237 lustrare
1532 1202 1574 1237 et
1592 1209 1689 1251 per-

183 1274 340 1330 spicere
358 1275 586 1330 potuimus,
617 1282 664 1317 ut
683 1274 868 1317 contenti
887 1275 970 1317 sint
987 1275 1175 1326 studiosi,
1212 1290 1419 1334 rogamus.

241 1426 352 1469 Haec
371 1435 479 1478 sunt,
507 1425 581 1469 Vir
599 1429 781 1478 illustris,
812 1443 907 1484 quae
925 1428 980 1470 de
998 1428 1079 1471 hoc
1101 1429 1324 1472 Volumine
1343 1431 1522 1473 dicenda
1543 1431 1686 1474 habui.

180 1507 429 1548 Extremum
459 1507 563 1548 illud
595 1514 668 1557 est,
700 1515 746 1548 ut
782 1507 863 1548 TE
895 1522 1053 1565 rogem,
1084 1510 1282 1564 primum,
1314 1519 1361 1553 ut
1390 1512 1434 1553 in
1454 1512 1518 1554 his
1549 1514 1686 1554 omni-

173 1586 253 1629 bus
284 1586 445 1628 facilem
479 1602 528 1629 ac
560 1586 696 1629 lenem
732 1587 813 1629 TE
848 1588 951 1629 mihi
978 1589 1165 1645 judicem
1196 1591 1398 1646 praebeas,
1430 1593 1581 1636 deinde
1601 1593 1684 1636 hoc

176 1667 466 1710 munusculum
485 1668 665 1726 benigne
699 1669 889 1725 accipias,
921 1678 963 1712 et
993 1671 1145 1728 pignus
1179 1673 1262 1714 mei
1298 1689 1399 1731 erga
1434 1675 1516 1716 TE
1552 1675 1681 1717 animi

172 1756 307 1804 putes,
338 1747 517 1805 denique
551 1749 773 1801 existimes,
805 1750 901 1801 TE,
933 1752 1074 1807 quoad
1110 1753 1299 1796 Parentis
1333 1755 1446 1798 TUI
1480 1757 1683 1799 memine-

171 1845 236 1881 ro,
267 1829 349 1871 hoc
369 1838 441 1880 est,
473 1830 527 1872 ad
547 1830 674 1872 finem
695 1847 825 1888 usque
844 1832 953 1883 vitae,
985 1834 1050 1875 vel
1071 1834 1206 1890 Ipsius
1226 1852 1384 1889 caussa,
1406 1838 1522 1889 mihi,
1557 1846 1602 1880 ut
1622 1854 1679 1891 es,

171 1910 427 1952 carissimum
445 1910 644 1954 futurum.
707 1912 795 1955 TU
827 1913 1004 1956 vicissim
1039 1914 1177 1968 facies,
1224 1925 1270 1960 ut
1304 1918 1409 1960 mihi
1444 1919 1589 1962 eadem
1624 1919 1678 1961 de

170 2005 312 2033 caussa
331 2006 514 2036 amorem
535 2008 636 2052 erga
654 2008 722 2038 me
742 1995 935 2040 TUUM
962 2012 1191 2042 conserves.
1255 2000 1412 2059 Scripsi
1445 2001 1602 2059 Lipsiae
1632 2001 1675 2044 d.

167 2075 245 2119 VI.
267 2075 387 2122 Maii.

186 2913 274 2956 Vota
289 2915 334 2957 V.
912 2937 933 2961 c
