1856 3235
536 211 1026 267 PROLEGOMEN
1029 213 1092 260 A.
1485 218 1577 263 297

109 363 249 396 suum
273 346 432 395 omnia
452 345 655 408 vestigia
671 344 831 392 deleta
854 351 967 390 sunt
988 343 1039 390 in
1063 343 1350 391 doctissimis
1375 344 1577 392 Scholiis

109 421 159 462 et
182 413 243 460 ad
263 410 525 470 Aristarchi
540 409 746 457 maxime
760 409 1092 456 recensionem
1117 408 1374 456 adornatis.
1446 409 1579 473 Age-

111 472 227 525 dum
248 493 405 540 porro,
431 474 672 522 Plutarchi
696 474 863 522 evolve
888 474 1064 530 locum,
1085 473 1168 520 ubi
1189 473 1351 532 docet,
1371 483 1577 537 quatuor

111 559 272 590 versus
305 542 360 595 in
405 538 641 587 Phoenicis
678 540 894 587 oratione
940 540 998 587 ab
1041 538 1326 586 Aristarcho
1367 539 1577 587 sublatos

111 624 212 655 esse
235 615 284 654 et
318 605 640 653 restituendos
665 608 680 625 ²
702 623 714 652 ε
740 622 802 653 ne
833 605 882 651 hi
906 605 1102 669 quidem
1138 604 1188 651 in
1214 604 1469 652 Eustathio
1494 614 1579 652 aut

111 671 311 720 Scholiis
335 671 508 718 nostris
530 680 874 719 memorantur.
943 671 975 720 J
977 687 1052 717 am
1067 670 1345 718 convocatis
1370 670 1579 727 cunctis,

109 737 191 800 qui
226 735 525 799 conjectores
561 736 876 800 perhibentur
899 744 949 783 et
987 737 1274 799 interpretes
1297 735 1469 799 priscae
1502 752 1581 782 ve-

106 801 294 849 tustatis
319 809 368 848 et
390 800 531 849 famae
555 801 768 865 sepultae,
806 802 844 848 si
867 818 1036 849 verum
1061 818 1206 858 amas,
1246 800 1466 849 consulta
1497 817 1581 847 no-

104 866 303 922 biscum,
330 875 492 914 utrum
516 867 570 923 is,
597 867 678 930 qui
701 875 776 914 tot
804 883 983 923 versus,
1009 866 1135 914 forte
1161 883 1371 929 casuque
1412 866 1474 912 ad
1497 882 1580 912 no-

106 938 249 980 stram
283 939 476 979 aetatem
501 932 699 988 delatos,
737 932 848 980 loco
871 932 1036 988 movit,
1064 940 1162 987 aut,
1190 932 1227 978 si
1272 932 1323 978 id
1367 929 1492 978 forte
1528 932 1579 977 in

106 997 390 1061 quibusdam
413 997 604 1045 illorum
628 1005 741 1045 ante
780 998 937 1060 ipsum
952 997 1054 1060 jam
1080 996 1359 1044 Zenodotus
1384 996 1459 1044 vel
1500 996 1581 1043 alii

102 1062 320 1111 fecerant
343 1067 377 1119 ὓ,
415 1070 578 1110 utrum
602 1064 683 1127 qui
705 1063 756 1109 in
793 1062 1012 1110 Homero
1035 1062 1103 1110 sic
1126 1063 1302 1110 versati
1327 1070 1440 1109 sunt
1469 1078 1583 1125 qua-

105 1128 144 1176 si
186 1128 474 1176 exasciando
520 1136 569 1175 et
613 1127 857 1192 poliendo,
909 1127 1100 1191 integra
1140 1144 1286 1191 opera
1347 1126 1449 1190 ejus
1484 1127 1582 1175 edi-

107 1193 232 1241 disse
277 1201 456 1257 queant
499 1193 668 1249 videri,
715 1210 776 1239 an
826 1192 1009 1256 aliquid
1046 1200 1222 1256 praeter
1262 1192 1344 1239 illa
1387 1193 1582 1240 recidis-

108 1275 173 1315 se,
200 1259 331 1322 quod
353 1258 497 1305 hodie
543 1274 779 1322 nusquam
811 1258 1037 1322 supersit3
1077 1258 1287 1321 denique
1327 1274 1443 1305 num
1478 1266 1581 1305 tex-

104 1332 208 1372 tum
234 1324 309 1372 vel
332 1323 590 1371 habeamus
615 1324 693 1372 vel
715 1324 930 1371 norimus
975 1324 1097 1371 adeo
1121 1323 1408 1371 Aristarcho
1444 1340 1581 1387 supe-

104 1389 294 1437 riorem.
364 1389 558 1453 Quippe
583 1389 645 1436 ad
667 1389 796 1437 hunc
819 1389 868 1436 in
904 1389 1069 1452 primis
1093 1397 1342 1437 auctorem
1373 1388 1584 1437 referen-

107 1455 190 1503 das
215 1471 316 1503 esse
339 1454 504 1502 lituras
528 1455 656 1512 istas,
684 1455 859 1503 collata
880 1455 1007 1502 inter
1047 1472 1096 1502 se
1137 1464 1187 1502 et
1222 1455 1463 1518 pensitata
1486 1471 1584 1502 om-

108 1521 190 1568 nia
211 1537 369 1568 rerum
394 1527 639 1568 momenta
663 1520 858 1569 docent.
927 1520 1113 1567 Verum
1136 1520 1241 1567 istae
1258 1520 1417 1568 liturae
1431 1529 1488 1567 ut
1506 1520 1586 1567 de-

105 1584 242 1634 fendi
265 1586 450 1648 possint
473 1602 653 1642 omnes,
681 1589 762 1650 (ac
786 1585 904 1633 mihi
928 1585 1123 1649 quidem
1160 1586 1305 1633 etiam
1341 1585 1587 1633 Phoenicis

103 1667 268 1700 versus
291 1651 429 1699 uncis
453 1650 587 1715 digni
610 1651 917 1709 videbantur,
944 1651 1035 1698 nisi
1059 1667 1137 1699 me
1159 1652 1379 1715 gravium
1405 1659 1454 1698 et
1478 1668 1588 1699 acu-

104 1723 265 1764 torum
288 1716 499 1763 virorum
525 1733 786 1764 consensus
811 1717 1163 1778 deterruisset,)
1199 1716 1395 1764 minime
1424 1725 1588 1764 tamen

105 1781 362 1847 probabilis
408 1790 481 1829 est
519 1781 601 1830 illa
641 1782 912 1830 Aristarchi
949 1782 1086 1838 ratio,
1135 1799 1243 1845 qua,
1288 1783 1325 1829 si
1359 1782 1478 1830 fides
1516 1790 1590 1830 est

107 1847 361 1902 Athenaeo,
402 1863 546 1894 versu
567 1849 618 1895 in
644 1848 797 1896 Iliade
838 1848 999 1896 deleto
1024 1849 1315 1896 sententiam
1338 1848 1588 1911 pervertit,

106 1913 411 1976 eundemque
426 1929 615 1961 versum
641 1930 751 1961 cum
771 1922 977 1977 quatuor
995 1913 1096 1960 aliis
1115 1913 1274 1961 alieno
1303 1913 1414 1961 loco
1438 1922 1590 1961 trans-

107 1977 221 2026 tulit
253 1978 303 2024 in
341 1977 606 2042 Odysseam
629 1990 661 2026 ⁶.
731 1979 947 2027 Tametsi
985 1979 1046 2027 de
1076 1978 1412 2043 probabilitate
1449 1979 1592 2043 hujus

107 2112 212 2153 (855.)
227 2112 458 2153 διεσκευασμένος,
474 2119 511 2144 ut
524 2114 665 2151 arbitror,
688 2116 858 2145 oeconomiae
873 2124 980 2151 causa,
1002 2124 1042 2144 ne
1060 2114 1192 2144 Cicones
1206 2115 1354 2150 abessent,
1371 2115 1537 2145 memorati
1553 2116 1590 2146 κ’.

107 2158 179 2186 429.
199 2161 230 2185 et
246 2157 277 2186 ν’.
295 2159 367 2187 329.
411 2157 460 2186 Ac
475 2166 548 2187 sane
562 2167 636 2187 eum
651 2157 803 2196 populum
823 2158 925 2187 omitti
941 2157 1133 2187 mirabantur
1160 2159 1287 2196 posthac
1304 2158 1408 2197 Intpp.
1454 2158 1515 2188 Sed
1537 2159 1593 2199 qui

107 2203 249 2237 poterant
263 2207 371 2228 omnes
384 2199 568 2240 quaestiones
583 2199 708 2234 solvere,
724 2200 809 2230 hunc
823 2199 1005 2239 scrupulum
1021 2200 1129 2230 leviter
1148 2200 1329 2236 evellebant,
1344 2207 1399 2232 aut
1414 2197 1524 2231 callide
1538 2211 1591 2232 oc·

109 2240 277 2271 cultabant.
322 2240 404 2272 Vide
420 2241 530 2272 Scholl.
546 2242 586 2273 ad
600 2242 631 2272 ll.
648 2252 690 2272 cc.
702 2250 733 2273 et
752 2243 838 2273 Eust.
854 2253 882 2282 p.
899 2245 973 2274 359.
1017 2243 1122 2273 Etiam
1135 2243 1291 2284 antiquior
1305 2253 1370 2274 esse
1381 2244 1502 2274 videtur
1513 2244 1593 2275 alius

107 2292 214 2313 versus
227 2293 275 2322 ap.
288 2283 386 2314 Strab.
403 2284 508 2314 XIII.
519 2295 548 2325 p.
565 2288 636 2316 626.
653 2285 754 2327 (929.)
767 2285 890 2316 additus
911 2286 1012 2316 eidem
1027 2286 1123 2316 Catal.
1139 2293 1208 2326 post
1221 2296 1248 2316 v.
1263 2290 1335 2318 375.
1349 2287 1452 2327 (866.)
1487 2288 1594 2323 Quem

108 2326 195 2356 enim
223 2326 332 2356 Strabo
363 2328 627 2369 τροςγεγραμμένον
651 2328 724 2359 dicit
741 2330 795 2359 ὑπὸ
820 2329 906 2364 τινῶν,
923 2339 995 2359 eum
1022 2329 1165 2359 Eustath.
1181 2339 1208 2368 p.
1225 2333 1297 2360 366.
1313 2339 1351 2359 ex
1369 2329 1501 2360 Scholiis
1518 2331 1592 2366 suis,

108 2368 160 2398 hic
174 2368 302 2409 quidem
327 2368 524 2408 plenioribus,
552 2370 592 2400 ad
614 2371 825 2402 recensionem
849 2371 1009 2411 Euripidis
1033 2372 1099 2413 (τὴν
1128 2374 1197 2403 κατ’
1224 2371 1373 2416 Εὗριπίδην
1398 2371 1519 2412 ἔκδοσιν)
1545 2383 1594 2404 re-

107 2410 178 2442 fert.
224 2412 323 2452 Atqui
346 2413 396 2442 hic
423 2412 587 2452 Euripides
613 2414 698 2444 haud
719 2414 813 2445 dubie
827 2415 852 2444 is
867 2420 920 2450 est,
937 2424 1029 2455 quem
1055 2415 1145 2455 tetigi
1158 2425 1189 2455 p.
1208 2419 1278 2446 260.
1323 2417 1379 2446 An
1399 2415 1532 2456 denique
1548 2415 1594 2446 illi

109 2463 225 2491 versus,
240 2455 294 2496 qui
316 2465 334 2485 a
350 2455 588 2496 Megarensibus
603 2455 635 2486 in
661 2456 772 2487 celebri
788 2458 986 2488 contentione
1010 2457 1114 2488 fraudi
1138 2458 1261 2489 Solonis
1275 2460 1512 2498 opponebantur
1538 2469 1594 2498 pro

111 2496 209 2528 catal.
224 2501 274 2529 65.
287 2498 389 2539 (558.)
403 2507 451 2537 ap.
465 2498 562 2530 Strab.
580 2499 641 2529 IX.
655 2509 686 2539 p.
703 2503 774 2531 594.
789 2500 893 2542 (60⁴.)
905 2510 1045 2542 unquam
1059 2501 1201 2532 venerint
1215 2501 1247 2531 in
1265 2502 1377 2541 scripta
1392 2502 1589 2540 exemplaria,

109 2538 243 2570 dubitari
258 2539 386 2571 fortasse
401 2540 480 2572 licet.
526 2541 587 2572 Sed
603 2541 687 2583 quod
700 2552 753 2573 eos
767 2543 859 2574 hodie
871 2553 934 2573 non
945 2545 978 2575 in
993 2543 1101 2574 ordine
1111 2544 1255 2585 legimus,
1268 2544 1320 2575 vix
1335 2544 1389 2575 alii
1407 2544 1523 2575 Critico
1538 2544 1591 2574 de-

112 2582 203 2613 betur
218 2593 311 2624 quam
328 2584 517 2615 Aristarcho.

152 2634 172 2654 a
193 2625 245 2656 De
259 2626 329 2657 aud.
344 2627 442 2667 po'e'tis
454 2638 484 2667 p.
500 2631 549 2659 26.
564 2628 599 2658 F.
620 2629 653 2659 Ὁ
669 2629 762 2668 Φοῖνιξ
776 2628 821 2660 διὰ
836 2629 886 2662 τὴν
901 2629 1080 2660 παλλακίδα
1095 2631 1262 2672 κατάρατος
1281 2630 1335 2662 ὑπὸ
1351 2631 1401 2661 τοῦ
1417 2630 1525 2672 mvi-qo}
1543 2643 1594 2669 γε·

111 2666 295 2742 νΙόιμξοεᾶὅξόν
308 2670 358 2708 μὶν
372 2671 437 2710 ἐγὼ,
460 2672 528 2711 φησὶ
543 2685 570 2702 κ,
587 2684 615 2701 τ.
631 2678 661 2701 λ.
703 2671 734 2702 ‘0
749 2673 798 2711 μὲν
819 2672 1010 2716 Ἀρίσταρχος
1037 2674 1124 2711 ἰξεῖλε
1140 2675 1238 2705 ταῦτα
1255 2674 1295 2704 τὰ
1309 2674 1365 2706 ’t‘aen
1383 2675 1517 2713 φοβηθεὶς
1535 2678 1592 2702 9ῑο-

147 2731 154 2739 ι
167 2727 176 2741 ι
186 2733 194 2741 0
275 2733 282 2742 ·
303 2721 366 2754 sqq·

152 2753 173 2782 b
197 2752 269 2784 Hoc
284 2753 439 2786 Kusterus
452 2757 627 2796 opponebat
646 2755 811 2796 Gsphanio,
839 2757 957 2788 Histor-
983 2758 1049 2788 crit.
1077 2758 1176 2790 Hom.
1202 2759 1253 2790 II.
1269 2762 1297 2791 5.
1321 2762 1350 2789 3.
1397 2757 1457 2788 Sed
1486 2763 1595 2788 neuter

110 2804 236 2826 oausam
250 2806 433 2838 cognoscere
448 2800 549 2839 potuit
563 2805 632 2831 tum
647 2805 769 2839 propter
783 2801 947 2840 penuriam
963 2801 1150 2834 tabularum.

152 2848 170 2869 c
192 2839 310 2870 Athen.
331 2840 392 2872 IV.
407 2851 476 2883 pag.
495 2846 564 2874 180.
579 2853 640 2884 seq.
655 2852 717 2884 quo
732 2842 800 2874 loco
817 2843 924 2875 nullus
938 2850 985 2875 est
999 2845 1153 2882 omnium,
1178 2844 1231 2885 qui
1255 2849 1329 2875 sunt
1351 2843 1390 2873 de
1410 2843 1595 2877 Aristarcho.

109 2882 348 2916 memorabilior.
393 2884 589 2927 Quapropter
603 2896 684 2926 saepe
699 2896 769 2917 sum
784 2887 922 2925 miratus,
944 2898 1007 2926 cur,
1032 2898 1131 2930 quum
1153 2887 1180 2919 is
1193 2887 1281 2919 locus
1302 2886 1401 2918 doctis
1425 2884 1594 2916 editoribus

158 2937 246 2975 VoL.
270 2939 313 2974 V.
826 2942 855 2977 P
871 2954 894 2989 p
