1856 3235
195 205 288 246 206
649 199 1206 250 PROLEGOMENA.

197 333 308 388 Qua
331 349 390 380 ex
415 349 466 380 re
490 333 636 381 etiam
659 331 773 379 talia
795 332 1015 395 quaedam
1034 340 1291 380 manarunt
1309 334 1525 381 solennia
1547 336 1676 398 apud

194 402 377 460 poetas,
415 415 522 462 quae
561 405 666 445 orta
704 397 912 460 primum
937 415 963 446 e
988 407 1121 446 ceita
1149 400 1452 460 persuasione
1491 407 1673 456 vatum,

194 479 329 511 nunc
365 472 548 512 sacrata
582 464 905 511 consuetudine
944 480 996 511 se
1033 472 1249 511 tuentur.
1319 464 1396 512 Ita
1434 464 1677 538 hodieque

193 527 384 592 longi01
388 547 469 577 um
495 529 773 577 Carminum
798 527 1074 575 conditores
1105 529 1330 585 eundem,
1367 547 1510 593 quem
1533 530 1679 594 prisci

196 593 265 640 illi
290 595 566 650 credebant,
603 593 814 641 afflatum
840 593 1092 640 Musarum
1128 601 1179 641 et
1213 594 1455 657 Apollinis
1479 596 1680 644 ementi-

198 667 361 716 untur,
388 668 437 708 et
461 660 556 708 ab
543 660 600 706 iis
624 659 914 714 numinibus,
941 675 1048 721 quae
1072 675 1216 706 nemo
1240 675 1342 706 esse
1367 661 1538 717 credit,
1565 661 1681 709 doc-

198 733 275 772 tos
299 742 348 773 se
372 729 508 773 edere
530 731 727 781 cantum,
762 740 861 771 non
884 724 1096 771 humano
1124 740 1258 771 more
1296 726 1419 787 loqui
1455 698 1538 774 vel,
1570 727 1682 774 scri-

200 792 304 838 bere
329 791 576 838 simulant:
615 806 675 837 ex
704 806 799 852 quo
831 789 933 852 jam
972 789 1005 835 ii
1046 806 1237 853 quoque
1277 798 1461 847 canunt,
1497 791 1580 854 qui
1619 808 1683 839 ne

195 858 508 919 pronunciare
532 855 727 918 quidem
751 863 886 902 recte
909 863 1126 918 possunt,
1164 863 1309 918 atque
1339 856 1574 903 auditores
1597 856 1687 904 sibi

198 922 389 969 futuros
414 928 608 985 sperant
639 936 878 976 versuum,
915 921 996 983 qui
1034 936 1381 983 nonnunquam
1421 921 1510 969 soli
1545 929 1685 985 typo-

200 988 386 1050 grapho
425 988 700 1042 scribuntur,
739 994 789 1034 et
823 987 881 1033 ab
914 985 998 1033 illo
1034 986 1273 1033 duntaxat
1313 986 1585 1051 syllabatim
1626 988 1685 1034 le-

196 1060 389 1114 guntur.
460 1052 556 1099 Sed
579 1052 683 1099 haec
708 1060 758 1099 et
780 1051 934 1098 multo
956 1051 1109 1115 plura,
1146 1051 1318 1114 quibus
1358 1060 1536 1100 nostrae
1574 1056 1686 1116 poe-

200 1118 313 1165 ticae
336 1118 459 1165 ratio
498 1125 548 1164 et
584 1133 658 1163 ars
698 1118 759 1163 ab
794 1117 991 1179 antiqua
1030 1117 1256 1176 γνησιὸτητι
1287 1117 1462 1174 differt,
1499 1119 1558 1165 ab
1582 1117 1686 1165 aliis

202 1183 440 1256 magistris
482 1181 827 1246 cognoscenda
850 1190 977 1228 sunt.
1048 1181 1288 1244 Spernant
1315 1154 1484 1229 licebit
1505 1183 1592 1230 has
1616 1199 1687 1229 ar-

200 1249 360 1311 gutias
385 1255 587 1303 nostras,
625 1247 909 1320 quicunque
942 1246 1215 1293 Homerum
1244 1246 1468 1309 judicare
1505 1264 1686 1312 neque-

202 1320 292 1360 unt
315 1313 406 1360 nisi
439 1329 499 1360 ex
535 1312 710 1360 nostris
746 1312 968 1376 ingeniis,
1004 1311 1150 1358 modo
1188 1310 1449 1369 fateantur,
1487 1312 1685 1362 diversis

199 1378 456 1426 sententiis
480 1378 701 1426 addictos
724 1394 811 1425 nos
846 1394 945 1426 non
981 1377 1255 1425 temeritate
1294 1378 1409 1426 duci
1448 1378 1513 1426 ad
1547 1378 1688 1427 aliter

193 1443 532 1507 judicandum.

269 1510 377 1557 Nec
402 1526 520 1558 vero
543 1509 680 1557 nobis
703 1509 816 1573 ipsis
841 1509 1072 1557 credibile
1097 1518 1238 1566 esset,
1276 1510 1502 1559 Carmina
1544 1528 1572 1557 a
1609 1527 1688 1558 va-

203 1575 333 1623 tibus
358 1583 407 1622 et
429 1575 706 1622 memoriter
731 1576 998 1638 composita
1022 1583 1072 1623 et
1093 1576 1235 1622 unius
1258 1576 1503 1623 memoriae
1525 1575 1690 1623 minis-

203 1641 327 1688 telio
350 1657 406 1703 pl
409 1648 614 1704 opagata
639 1657 755 1696 esse,
791 1639 1050 1704 (nonnulla
1074 1641 1203 1688 enim
1227 1657 1323 1688 non
1351 1651 1464 1688 sunt
1487 1640 1690 1688 credibi-

202 1706 280 1762 lia,
319 1722 427 1779 quae
451 1706 648 1753 historia
672 1706 806 1769 cogit
831 1705 1070 1767 credere‚)
1095 1722 1255 1769 neque
1279 1706 1493 1762 mirarer,
1520 1707 1558 1753 si
1573 1707 1691 1787 quis

203 1771 282 1819 vel
306 1771 390 1818 uni
417 1770 635 1819 Homero
661 1771 903 1845 quendam
926 1788 1067 1819 usum
1104 1771 1348 1819 scribendi
1384 1773 1419 1819 ἐν
1455 1770 1691 1835 ἀποῤῥντοις

203 1836 353 1884 fuisse
375 1836 596 1900 fingelet,
633 1837 725 1884 nisi
756 1836 1114 1901 vulgatissimus
1152 1837 1267 1883 olim
1307 1853 1411 1884 mos
1450 1838 1690 1884 recitandi

205 1910 256 1949 et
279 1903 436 1949 omnis
443 1873 670 1950 t’historia
692 1902 1040 1965 rhapsodorum
1076 1902 1523 1966 argumentationes
1546 1910 1596 1949 et
1619 1919 1693 1949 ra-

204 1968 363 2015 tiones
389 1976 574 2015 nostras
597 1968 876 2031 gravissime
916 1967 1236 2015 confirmaret.
1307 1966 1368 2014 In
1407 1967 1488 2014 illa
1524 1975 1689 2015 autem

205 2040 278 2080 est
302 2034 526 2089 maxime,
564 2033 696 2096 quod
719 2032 985 2096 scrupulos,
1023 2033 1198 2097 quibus
1234 2049 1453 2080 assensus
1494 2032 1691 2081 cohibe-

203 2106 299 2154 tur,
336 2099 530 2162 penitus
556 2115 616 2146 ex
641 2099 810 2146 animis
835 2098 1026 2146 evellat.
1096 2099 1262 2146 Docet
1286 2098 1430 2154 enim,
1457 2114 1554 2161 quo
1576 2114 1689 2161 pac-

202 2172 256 2211 to
280 2164 382 2211 fieri
404 2164 633 2227 potuerit,
668 2173 725 2212 ut
748 2172 863 2212 aetas
900 2165 1041 2211 αόιδῶν
1082 2164 1382 2228 scriptoriam
1422 2172 1574 2211 artem
1608 2163 1690 2212 vel

205 2245 305 2276 non
331 2229 638 2286 desideraret,
660 2238 919 2293 antequam
945 2229 1134 2278 Graecae
1156 2229 1338 2294 linguae
1361 2236 1524 2294 aptata
1548 2237 1690 2284 esset,

205 2294 298 2350 vel,
337 2312 486 2358 quum
504 2295 605 2358 jam
631 2295 725 2343 coli
750 2295 990 2359 coepisset,
1027 2295 1163 2358 ligno
1188 2304 1236 2344 et
1271 2295 1373 2342 aliis
1411 2294 1691 2360 operosiori-

205 2360 295 2407 bus
319 2361 483 2408 massis
507 2377 647 2424 aequo
671 2361 831 2410 animo
859 2360 1170 2425 relinqueret.

862 2559 1034 2608 XXII.

277 2688 375 2736 Hic
427 2706 620 2754 prorsus
657 2691 793 2738 obliti
851 2692 1028 2739 scrinia
1067 2698 1230 2739 nostra
1269 2698 1320 2738 et
1358 2689 1692 2746 bibliothecas,

209 2755 383 2818 quibus
408 2771 539 2804 nunc
565 2756 837 2804 studiorum
860 2756 1195 2805 immortalitas
1236 2763 1442 2813 constat,
1478 2763 1694 2803 transvo-

209 2820 364 2868 lemus
388 2821 504 2869 hinc
529 2822 580 2869 in
604 2821 696 2869 alia
719 2831 940 2886 tempora
965 2831 1014 2871 et
1037 2824 1087 2870 in
1125 2822 1269 2870 alium
1312 2823 1477 2870 orbem
1516 2837 1692 2877 rerum,

209 2887 293 2934 ubi
333 2894 409 2936 tot
446 2888 662 2946 inventa,
700 2904 808 2953 quae
848 2889 986 2938 nobis
1022 2888 1249 2939 videntur
1285 2887 1348 2938 ad
1370 2888 1512 2938 beate
1535 2887 1697 2937 viven-
