1856 3235
559 204 1130 253 PROLEGOMENA.
1522 211 1612 260 177

116 335 243 386 serio
256 336 528 385 dubitatum
543 335 809 393 audissent,
819 351 936 383 num
950 335 1178 399 princeps
1193 335 1484 399 scriptorum
1505 337 1610 386 Ho-

110 419 270 451 merus
294 401 547 465 scriptoria
569 408 672 448 arte
706 417 819 448 usus
849 408 994 459 esset,
1033 401 1326 448 amatoribus
1368 404 1605 466 παξαδόξων

115 468 304 516 nullum
326 466 562 531 pudorem
587 482 836 530 superesse
855 466 1211 515 clamavissent.
1280 466 1389 515 Jam
1407 468 1608 532 ingenia

113 541 414 582 vetustorum
439 540 866 580 monumentorum
891 532 1035 580 altius
1067 533 1308 596 inspicere
1350 535 1607 596 coepimus,

116 605 398 662 servataque
440 598 740 646 severissima
778 598 890 662 lege
934 598 1164 657 historiae,
1198 606 1254 646 ut
1288 614 1382 646 nec
1406 615 1521 647 vera
1556 608 1608 648 et

113 664 407 728 incorruptis
447 663 653 712 testibus
687 663 876 712 firmata
909 664 960 711 in
1001 664 1203 712 dubium
1227 680 1475 722 vocemus,
1511 682 1607 713 nec

115 746 308 794 quoquo
331 729 479 790 modo
501 729 653 778 relata
685 738 771 777 aut
805 730 1016 794 cujusvis
1051 730 1261 778 auctoris
1295 731 1493 778 nomine
1534 747 1609 777 or-

114 803 229 844 nata
261 812 348 859 pro
383 797 644 859 compertis
677 796 959 853 habeamus,
994 812 1386 860 unamquamque
1414 812 1518 843 rem
1543 811 1608 844 ex

113 862 343 925 temporis
380 878 437 909 ac
475 861 573 909 loci
615 862 687 909 sui
727 862 993 909 rationibus
1034 869 1084 910 et
1123 862 1337 909 moribus
1363 861 1608 925 judicare.

116 927 194 975 Ita
243 927 389 975 etiam
442 927 549 977 haec
591 927 819 975 Carmina
863 926 1028 991 paullo
1075 927 1358 991 diligentius
1409 929 1612 991 cognita

114 992 446 1041 admirandam
469 994 738 1042 ostendunt
760 993 860 1041 vim
882 1000 1071 1041 naturae
1099 1001 1245 1057 atque
1284 993 1503 1057 ingenii,
1525 993 1612 1040 mi-

113 1075 284 1107 norem
307 1060 438 1116 artis‚
474 1059 658 1107 nullam
692 1059 963 1108 reconditae
986 1059 1226 1107 doctrinae
1265 1067 1315 1107 et
1338 1059 1611 1123 exquisitae.

117 1125 352 1181 Quamvis
376 1125 506 1173 enim
530 1125 695 1174 hebeti
720 1141 864 1174 sensu
905 1125 1163 1189 surdisque
1183 1125 1381 1173 auribus
1413 1125 1490 1182 sit,
1528 1124 1614 1189 qui

116 1201 270 1239 artem
293 1191 345 1238 in
384 1191 442 1238 iis
466 1190 649 1238 nullam
688 1192 880 1248 sentiat,
917 1198 1090 1254 utpote
1134 1207 1279 1254 quam
1318 1207 1382 1238 ne
1422 1191 1475 1237 in
1507 1207 1614 1238 ver-

116 1273 258 1304 suum
295 1256 494 1320 quidem
534 1257 749 1305 numeris
795 1257 1064 1304 doctissimi
1109 1257 1381 1304 imitatores
1421 1257 1613 1320 assequi

116 1322 391 1386 potuerint3
445 1338 641 1369 omnem
686 1329 850 1369 tamen
893 1330 1048 1369 artem
1092 1321 1225 1369 illam
1266 1330 1455 1369 naturae
1497 1338 1615 1385 quo-

119 1387 380 1435 dammodo
402 1387 679 1451 propiorem
705 1404 807 1435 esse
827 1394 1042 1450 apparet,
1068 1403 1230 1450 neque
1256 1403 1318 1434 ex
1343 1387 1615 1451 disciplinae

119 1452 372 1516 cujusdam
421 1451 630 1500 formula
685 1453 957 1516 perscripta
1001 1452 1150 1509 libris,
1211 1452 1297 1499 sed
1338 1469 1399 1500 ex
1446 1453 1615 1501 nativo

117 1534 263 1566 sensu
302 1518 426 1566 recti
451 1525 501 1565 et
523 1518 717 1566 venusti
741 1517 1017 1565 delibatam.
1090 1517 1149 1566 In
1184 1518 1281 1565 hoc
1319 1525 1370 1566 et
1408 1518 1512 1566 aliis
1537 1536 1617 1566 va-

117 1591 191 1631 tes
214 1583 296 1632 ille
326 1591 517 1632 tantum
559 1584 708 1632 distat
742 1601 770 1631 a
810 1583 1104 1631 silvestrium
1145 1592 1366 1632 coetuum
1409 1584 1618 1632 cantori-

115 1651 221 1706 bus,
265 1658 503 1714 quantum
549 1666 577 1697 a
614 1650 772 1714 poetis
813 1649 1114 1697 eruditarum
1160 1657 1362 1697 aetatum
1381 1659 1414 1697 ².
1508 1651 1621 1706 Qua

117 1716 316 1779 quidem
339 1716 550 1764 rectiore
583 1715 945 1764 existimatione
984 1715 1123 1764 velut
1161 1733 1251 1764 suo
1289 1715 1401 1764 loco
1439 1716 1621 1781 reposi-

117 1789 211 1838 tuS‚
239 1790 289 1830 et
311 1782 477 1829 multis
513 1790 692 1830 exutus
714 1781 1095 1846 impedimentis,
1123 1782 1308 1856 quibus
1343 1799 1456 1830 eum
1482 1782 1619 1831 docti

119 1847 233 1895 olim
263 1848 459 1895 honoris
495 1864 641 1896 causa
675 1856 1013 1905 oneraverant,
1051 1848 1135 1912 qui
1173 1849 1414 1922 optimum
1451 1856 1619 1897 aucto-

118 1929 220 1962 rem
244 1913 587 1978 pulcherrimae
611 1914 727 1962 artis
751 1913 941 1962 nollent
965 1914 1232 1978 quidquam
1258 1914 1463 1970 nescire,
1485 1914 1619 1979 quod

119 1995 207 2027 suo
230 1979 445 2043 ipsorum
485 1997 590 2028 aevo
615 1980 677 2027 ad
702 1979 890 2029 cultum
914 1981 1092 2028 artium
1129 1988 1179 2028 et
1218 1980 1511 2029 munditiem
1553 1980 1619 2029 ci-

119 2117 249 2150 Woodii
263 2126 450 2159 argumenta
462 2120 639 2159 percensuit
660 2130 696 2151 ac
719 2131 803 2152 novo
825 2121 971 2153 acumine
993 2119 1136 2152 defendit
1157 2120 1361 2160 philosophus
1375 2119 1523 2156 literator,
1549 2120 1621 2151 Me-

118 2161 235 2198 rianus,
261 2163 294 2193 in
310 2162 536 2194 Dissertatione
554 2163 685 2194 Gallicis
705 2164 825 2204 scriptis
844 2164 1026 2196 Academiae
1051 2163 1264 2195 Berolinensis
1289 2163 1446 2203 praeterito
1461 2172 1547 2194 anno
1569 2163 1621 2193 in-

119 2211 207 2242 serta,
231 2216 302 2246 quae
317 2206 404 2241 mihi,
427 2207 508 2237 hanc
522 2206 683 2247 plagulam
700 2207 740 2237 ad
755 2209 986 2249 typographum
1001 2207 1147 2244 missuro,
1170 2206 1336 2237 commode
1352 2208 1391 2237 ab
1406 2205 1510 2237 amico
1527 2206 1619 2236 offer-

119 2253 179 2278 tur.
223 2249 274 2279 Ea
288 2249 403 2288 raptim
417 2248 496 2280 lecta
510 2256 741 2289 peropportune
755 2258 807 2282 me
823 2251 958 2291 impulit,
977 2257 1012 2281 ut
1025 2251 1160 2281 rationes
1176 2260 1263 2280 meas
1277 2250 1378 2290 magis
1393 2250 1621 2290 adstringerem

120 2297 153 2321 et
167 2291 200 2321 in
216 2292 308 2323 breve
325 2301 478 2332 cogerem,
502 2293 653 2333 pluraque
669 2293 794 2332 penitus
808 2293 953 2331 delerem,
977 2303 1047 2334 quae
1063 2294 1096 2323 in
1112 2293 1244 2324 eandem
1267 2293 1456 2323 sententiam
1480 2292 1623 2332 disputa-

118 2343 231 2365 veram.
277 2334 420 2365 Eruditis
435 2334 520 2365 enim
535 2337 601 2366 haec
617 2336 802 2374 scribuntur,
827 2337 881 2378 qui
906 2342 938 2368 et
961 2337 1053 2368 illum
1078 2335 1193 2377 legent,
1217 2343 1248 2367 et
1276 2335 1361 2376 apud
1383 2345 1463 2377 quos
1488 2335 1622 2377 singulis

119 2378 289 2410 momentis
303 2377 530 2417 amplificandis
544 2388 609 2409 non
626 2379 765 2410 multum
779 2380 963 2420 proficitur
954 2391 988 2411 m
1003 2380 1059 2411 tali
1075 2390 1117 2411 re.

160 2431 180 2451 a
197 2421 307 2460 Ipsum
325 2422 383 2452 hoc
398 2431 516 2452 nomen
527 2422 635 2462 po'etae,
652 2422 798 2464 ignotum
813 2423 921 2454 olim’
905 2438 949 2455 am
927 2422 994 2455 0107}
966 2438 1012 2459 ος,
1029 2423 1093 2454 vim
1108 2424 1202 2454 habet
1215 2423 1394 2463 operosioris
1408 2423 1531 2453 laboris.
1569 2421 1621 2452 De

119 2463 241 2504 vulgari
262 2475 323 2495 usu
351 2464 490 2495 nominis
515 2465 647 2495 libenter
676 2466 847 2506 accipimus
875 2467 1070 2497 notationem
1101 2466 1245 2497 Platonis
1267 2466 1409 2515 Sympos.
1428 2475 1458 2505 p.
1486 2468 1558 2496 205.
1583 2465 1620 2495 C.

120 2506 235 2546 Steph„
252 2507 389 2538 multum
406 2508 632 2547 praeferendam
648 2508 703 2545 illi,
720 2519 758 2540 ex
773 2520 835 2550 qua
850 2520 950 2550 nuper
964 2509 1165 2550 Francogalli
1179 2509 1308 2550 quidam
1323 2508 1454 2549 po'eticae
1473 2514 1622 2538 naturam

121 2549 281 2582 docebant.
327 2551 527 2582 Vocabulum
555 2562 628 2582 vero
652 2553 804 2591 posterius
830 2553 955 2584 videtur
980 2552 1049 2592 ipso
1079 2551 1231 2590 Hesiodo,
1256 2562 1317 2582 nec
1345 2558 1418 2582 ante
1448 2558 1619 2591 receptum,

120 2601 214 2632 quam
229 2595 349 2625 musica
362 2595 402 2625 ab
416 2601 482 2626 arte
497 2595 654 2634 pangendi
670 2595 816 2626 carminis
831 2596 927 2636 vulgo
942 2595 1048 2627 divelli
1061 2595 1211 2635 coepisset.
1257 2595 1331 2631 Qua
1345 2594 1385 2625 de
1402 2605 1435 2624 re
1450 2594 1524 2625 alibi
1535 2604 1620 2634 quae-

120 2645 200 2667 ram.
245 2637 307 2668 Sed
324 2637 504 2669 Hesiodum
519 2648 618 2679 quum
633 2637 712 2675 dico,
736 2649 831 2669 omne
846 2639 925 2670 illud
951 2645 1076 2680 tempus
1098 2639 1252 2689 intelligo,
1274 2639 1309 2669 in
1332 2638 1418 2679 quod
1446 2637 1621 2668 Hesiodeo·

119 2687 192 2709 rum
206 2689 277 2720 quae
292 2690 377 2711 nunc
392 2680 537 2712 feruntur
551 2692 683 2721 operum
698 2682 854 2712 confectio
874 2681 993 2714 incidit.
1040 2682 1116 2713 Non
1132 2683 1188 2712 uni
1203 2682 1289 2713 enim
1304 2649 1358 2711 illqa
1373 2681 1540 2711 tribuenda
1555 2689 1622 2709 esse

119 2727 221 2762 patet3
243 2728 274 2753 et
288 2723 389 2754 multo
403 2724 495 2763 plura
517 2725 648 2755 nomine
678 2726 747 2766 ejus
769 2725 949 2756 serebantur
974 2725 1058 2765 apud
1081 2731 1208 2757 veteres.
1255 2725 1296 2756 In
1314 2723 1411 2767 ὀΕργ
1412 2737 1434 2758 ις
1462 2723 1522 2753 1οεί
1548 2729 1623 2752 sunt

118 2765 213 2795 multi
229 2766 266 2797 u}
265 2779 300 2807 ,ῳ
314 2767 498 2798 venerandae
514 2769 674 2799 vetustatis
687 2769 812 2810 signati.
856 2768 1044 2810 Theogonia
1057 2775 1165 2800 autem
1180 2775 1212 2799 et
1228 2767 1361 2799 scutum
1378 2767 1473 2798 Herc.
1487 2774 1518 2796 et
1533 2775 1622 2795 max-

121 2807 184 2838 ima
199 2819 269 2848 pars
284 2819 403 2846 eorum,
419 2821 557 2851 quorum
571 2811 676 2843 brevia
702 2812 882 2853 fragmenta
906 2818 1082 2863 supersunt,
1106 2811 1289 2844 Homerum
1315 2816 1381 2841 toto
1397 2815 1479 2840 certe
1506 2807 1624 2839 saeculo

119 2853 360 2892 subsequuntur.
407 2854 517 2895 Hujus
531 2856 575 2885 rei
593 2863 781 2896 argumento
797 2862 853 2892 cst,
869 2856 978 2896 quod'
969 2867 1003 2887 in
1018 2855 1057 2886 iis
1073 2855 1179 2896 plumes
1193 2855 1338 2886 notiones
1352 2863 1440 2884 novae
1455 2857 1578 2882 exstant
1593 2857 1624 2881 et

117 2893 338 2967 imitat-iones
325 2896 466 2929 locorum
484 2898 739 2936 Homericorum,
764 2899 795 2930 in
812 2899 923 2940 primis
938 2907 1093 2934 terrarum
1107 2905 1140 2932 et
1153 2899 1342 2942 populorum
1369 2895 1488 2928 auctior
1513 2901 1545 2927 et
1570 2904 1624 2925 ex

118 2947 138 2975 p
153 2944 259 2969 icauor
275 2940 392 2972 notitia.

169 2992 256 3029 V.or.
282 2995 324 3030 V.
859 2997 893 3030 7,
