1856 3235
610 186 1170 236 PROLEGOMENA.
1559 197 1647 242 175

152 327 344 375 facilem
380 340 624 372 assensum
659 323 828 370 videor
862 322 980 369 mihi
1015 322 1268 369 habiturus
1292 323 1527 383 omnium,
1562 327 1644 390 qui

154 393 307 440 oculis
341 391 437 437 suis
471 388 669 436 credere
694 388 987 436 didicerunt.
1057 387 1130 434 At
1153 403 1288 445 vero,
1322 389 1361 435 si
1389 391 1646 439 nonnullo-

152 475 260 505 rum
298 454 555 520 probabilis
590 461 664 501 est
698 454 926 518 suspicio,
960 453 1066 501 haec
1108 460 1158 500 et
1197 452 1382 516 reliqua
1419 455 1646 505 Carmina

152 523 346 570 illorum
381 528 656 583 temporum
692 518 836 566 nullis
859 519 1110 567 literarum
1136 519 1365 567 mandata
1388 522 1533 579 notis,
1558 524 1643 571 sed

150 589 359 653 primum
383 602 411 632 a
431 585 589 649 poetis
612 585 892 632 memoriter
915 584 1047 633 facta
1081 592 1132 632 et
1166 591 1315 632 cantu
1356 585 1504 644 edita,
1540 597 1644 635 tum

151 669 239 717 per
272 650 554 714 rhapsodos,
589 651 639 697 in
674 650 731 697 iis
764 650 1040 698 ediscendis
1073 649 1267 714 propria
1302 659 1404 698 arte
1439 668 1646 717 occupa-

150 727 244 775 tos,
281 716 504 764 canendo
529 716 780 779 divulgata
804 733 930 775 esse;
969 733 1029 763 ex
1054 732 1169 780 quo,
1204 723 1465 780 antequam
1503 719 1646 782 scrip-

150 790 203 831 to
225 781 669 846 velutfigerentur²
702 780 841 844 plura
873 782 924 828 in
959 781 1016 829 iis
1050 781 1130 828 vel
1166 781 1369 829 consilio
1409 782 1487 831 vel
1530 801 1643 832 casu

148 847 394 896 immutari
418 863 617 895 necesse
642 854 791 905 esset3
836 848 875 894 si
898 847 1025 894 hanc
1048 847 1201 910 ipsam
1226 848 1288 894 ob
1314 865 1526 907 causam,
1551 857 1642 898 sta-

147 914 238 961 tim
272 920 329 960 ut
364 913 507 961 scribi
543 920 706 976 coepta
739 920 870 970 sunt,
912 912 1089 960 multas
1125 912 1430 961 diversitates
1465 914 1644 964 habue-

146 986 281 1038 runt,
318 995 433 1027 mox
474 995 621 1026 novas
657 978 863 1025 subinde
909 978 1222 1026 adsciverunt
1274 980 1548 1029 temeritate
1596 991 1645 1030 et

150 1044 443 1109 conjecturis
479 1061 665 1102 eorum,
701 1043 783 1107 qui
808 1060 866 1091 ea
889 1043 1112 1091 certatim
1138 1043 1370 1108 expolire,
1406 1053 1456 1093 et
1480 1046 1541 1094 ad
1565 1065 1646 1112 op-

146 1111 288 1159 timas
311 1110 445 1174 leges
468 1110 678 1173 po‘eticae
718 1109 832 1156 artis
869 1110 933 1173 ad
972 1126 1203 1174 suamque
1239 1112 1645 1161 consuetudinem

150 1176 387 1240 loquendi
423 1176 669 1239 corrigere
702 1175 988 1235 studebant3
1028 1176 1065 1222 si
1091 1175 1303 1240 denique
1326 1184 1484 1227 totum
1511 1178 1645 1228 hunc

151 1249 440 1290 contextum
465 1258 521 1288 ac
546 1241 718 1289 seriem
743 1240 951 1288 duorum
985 1248 1333 1305 perpetuorum
1363 1242 1646 1293 Carminum

152 1324 254 1355 non
278 1315 378 1355 tam
403 1308 525 1370 ejus,
561 1307 641 1355 cui
666 1323 772 1354 eam
795 1306 1010 1354 tribuere
1035 1307 1392 1366 consuevimus,
1425 1309 1644 1373 ingenio,

151 1390 295 1438 quam
342 1372 568 1420 sollertiae
605 1372 841 1436 politioris
878 1372 970 1420 aevi
1011 1380 1061 1420 et
1084 1373 1348 1421 multorum
1373 1375 1648 1439 conjunctis

150 1439 322 1488 studiis
348 1439 531 1495 deberi,
567 1454 727 1502 neque
752 1437 874 1486 adeo
897 1439 1022 1504 ipsas
1052 1437 1210 1497 ἀοιδὰς,
1247 1456 1307 1487 ex
1334 1441 1506 1503 quibus
1531 1441 1644 1490 Ilias

151 1513 202 1553 et
226 1503 448 1568 Odyssea
474 1504 756 1567 compositae
774 1511 905 1561 sunt,
927 1520 1078 1551 unum
1103 1521 1271 1552 omnes
1295 1513 1542 1554 auctorem
1567 1508 1648 1555 ha-

149 1572 282 1628 bere,
315 1569 654 1617 verisimilibus
678 1572 976 1633 argumentis
1000 1578 1050 1618 et
1084 1571 1352 1619 rationibus
1399 1572 1524 1621 effici
1563 1591 1648 1638 po-

149 1713 208 1743 hoc
223 1721 333 1742 versu:
354 1712 417 1746 εΩς
434 1710 457 1742 δ’
474 1711 555 1742 o‘orssoe'
571 1711 712 1742 ἀσπάσιον
726 1711 777 1755 ’ἔας
793 1711 887 1745 ἤλυθε
902 1711 995 1748 βουσὶν
1009 1710 1101 1750 ἕλιξιν.
1149 1712 1249 1753 Cujsss
1272 1712 1352 1743 nihil
1367 1712 1471 1744 simile
1485 1713 1578 1744 hodie
1593 1725 1647 1745 usa

148 1765 245 1797 quam
268 1753 353 1794 apud
367 1754 458 1784 illum
474 1754 619 1795 legimus.
664 1754 778 1785 Notior
792 1765 840 1784 res
855 1761 902 1785 est
917 1755 956 1785 de
971 1755 1118 1791 versibus,
1143 1765 1221 1795 quos
1247 1756 1341 1787 Plato
1357 1762 1388 1787 et
1406 1757 1589 1788 Aristoteles
1606 1769 1646 1788 ex

147 1799 292 1829 Homero
306 1807 364 1828 suo
378 1797 519 1833 laudant,
543 1808 608 1828 non
625 1803 739 1828 nostro.
786 1797 828 1827 In
843 1797 882 1828 iis
896 1797 974 1828 adeo
989 1804 1070 1833 sunt,
1095 1798 1209 1838 quibus
1231 1809 1326 1829 nemo
1350 1809 1437 1829 nunc
1462 1806 1571 1839 aptum
1598 1801 1645 1831 lo-

150 1851 223 1871 cum
238 1841 417 1881 conjectura
432 1847 620 1881 assequatur.
665 1841 712 1871 At
727 1840 789 1870 illis
811 1847 954 1881 quatuor,
980 1852 998 1871 a
1015 1841 1148 1871 Platone
1176 1841 1277 1872 Alcib.
1297 1842 1348 1873 ΙΙ.
1365 1842 1473 1878 allatis,
1497 1843 1531 1873 in
1549 1843 1589 1874 ΙΙ,
1604 1844 1645 1875 S'.

150 1890 226 1914 extr.
253 1894 343 1914 suam
358 1883 464 1917 sedem
478 1884 648 1919 inventam,
676 1894 779 1924 neque
794 1894 831 1914 ex
857 1884 950 1914 variis
975 1883 1051 1914 locis
1075 1883 1222 1915 collectos
1243 1895 1318 1920 esse,
1343 1896 1399 1924 pro
1415 1885 1574 1925 explorato
1589 1887 1648 1917 ha-

148 1927 215 1957 beo.
262 1927 369 1962 Quare
384 1937 436 1956 eos
450 1927 492 1957 ibi
509 1926 634 1962 inserui,
659 1936 724 1956 non
739 1933 852 1957 tamen·
869 1927 936 1957 sine
950 1927 1048 1962 uncis,
1072 1927 1146 1967 quia
1162 1928 1312 1967 probabili
1328 1928 1368 1958 de
1382 1939 1476 1959 causa
1491 1931 1530 1959 ab
1547 1929 1647 1960 Alex-

149 1969 289 2000 andrinis
306 1969 430 2000 Criticis
445 1980 510 1999 una
525 1980 598 2000 cum
614 1969 742 2009 vulgato
755 1980 782 2000 v,
798 1972 872 2000 548.
893 1971 1023 2010 rejectos
1038 1972 1212 2001 censebam.
1259 1971 1396 2002 Illorum
1418 1978 1526 2002 autem
1551 1978 1583 2002 et
1604 1973 1647 2003 si-

150 2013 275 2042 milium
290 2022 446 2048 versunm,
469 2013 522 2053 qui
545 2023 564 2042 a
578 2013 778 2052 scriptoribus
796 2013 915 2043 Graecis
931 2013 1047 2052 passim
1075 2013 1219 2044 Homero
1234 2015 1422 2050 tribuuntur,
1450 2015 1575 2045 nullum
1590 2026 1646 2055 ap-

151 2061 239 2094 paret
255 2055 419 2095 vestigium
435 2056 467 2085 in
485 2055 617 2086 Scholiis
631 2056 753 2085 nostris.
792 2056 837 2086 At
852 2056 919 2085 haec
933 2056 1064 2086 omnino
1080 2056 1175 2095 hujus
1189 2057 1313 2096 generis
1328 2068 1422 2096 prope
1438 2058 1562 2089 nullum
1574 2069 1647 2098 pro-

153 2098 260 2128 ferunt
278 2097 405 2129 aliunde
429 2098 647 2138 incognitum;
670 2098 774 2128 multo
787 2098 894 2137 plures
911 2099 1096 2129 Eustatbius
1112 2100 1212 2134 habet,
1229 2106 1260 2130 et
1274 2111 1410 2141 quorum
1428 2111 1534 2132 rursus
1550 2102 1646 2142 scrip-

151 2147 233 2171 tores
248 2150 311 2170 non
326 2142 548 2172 meminerunt.
595 2142 668 2172 Hoc
682 2148 840 2180 reputans,
863 2142 1065 2182 quantumvis
1089 2142 1176 2172 rudis
1191 2142 1223 2172 in
1239 2143 1367 2174 historia
1383 2150 1494 2180 textus,
1512 2144 1561 2174 vix
1578 2156 1646 2176 505-

151 2184 280 2223 picetur.
303 2184 487 2214 memoriam
505 2184 650 2215 fefellisse
666 2195 718 2215 eos
733 2195 851 2220 omnes,
874 2185 929 2225 qui
944 2185 1021 2216 tales
1036 2195 1142 2215 versus
1167 2185 1304 2216 Homeri
1320 2187 1448 2217 nomine
1471 2187 1645 2224 laudarent,

151 2232 207 2257 aut
220 2226 303 2256 male
318 2237 337 2257 a
351 2227 440 2257 nobis
455 2227 495 2258 ad
513 2228 613 2258 Iliada
628 2234 658 2257 et
676 2227 850 2268 Odysseam
875 2228 993 2264 referri,
1018 2239 1088 2269 quae
1111 2228 1218 2258 forsan
1233 2229 1310 2259 olim
1324 2230 1357 2259 in
1373 2230 1443 2260 aliis
1458 2231 1532 2261 huic
1548 2231 1648 2270 po'eltae

153 2269 279 2300 tributis
294 2270 438 2309 operibus
461 2270 646 2310 legerentur.
692 2270 744 2301 Ita
769 2271 940 2302 Barnesius
962 2271 1196 2302 hemistichium
1222 2271 1301 2302 illud
1327 2283 1368 2312 ap
1405 2273 1589 2304 AEschinem
1614 2274 1649 2304 in

151 2312 314 2343 Timarch.
328 2323 356 2351 p.
375 2316 443 2343 141.
468 2313 573 2343 Reisk.
599 2314 688 2353 Φήμη
704 2313 727 2344 δ’
742 2317 767 2347 ἐς
784 2315 906 2358 σφεας-δν
920 2313 1007 2350 ἦλθε,
1032 2321 1150 2345 temere
1164 2325 1205 2345 an
1220 2314 1398 2348 divinando.
1423 2316 1577 2347 Thebaidi
1593 2317 1649 2347 ad-

153 2355 267 2388 scribit.
288 2356 343 2385 etsi
360 2355 392 2385 id
410 2356 521 2386 diserte
536 2356 668 2386 traditur
680 2357 715 2386 in
731 2359 863 2388 Homeri
876 2359 979 2389 Iliade
995 2369 1068 2394 esse,
1085 2363 1179 2398 atque
1194 2357 1274 2389 adeo
1287 2370 1365 2398 saepe
1380 2362 1476 2399 repeti
1486 2362 1520 2390 in
1537 2362 1648 2391 Iliade.

152 2399 225 2439 Ego
240 2398 409 2439 aliquando
428 2398 560 2429 Iliadem
575 2409 700 2438 parvam
716 2399 884 2440 significari
900 2402 1058 2440 putabam.
1103 2400 1228 2441 Nempe
1244 2402 1276 2431 in
1293 2408 1405 2433 neutro
1419 2403 1567 2434 Carmine
1577 2414 1648 2433 nos-

151 2447 199 2472 tro
215 2452 299 2472 nunc
316 2441 385 2471 talis
400 2452 506 2472 versus
522 2452 656 2482 usquam
672 2448 727 2473 aut
751 2444 906 2474 sententia
926 2450 980 2475 est.
1027 2444 1095 2474 Nec
1118 2454 1193 2474 vero
1218 2445 1389 2485 quidquam
1417 2452 1462 2475 est
1488 2446 1521 2476 in
1549 2447 1649 2477 verbis

154 2484 302 2521 Oratoris,
323 2484 405 2525 quod
423 2485 525 2515 labem
541 2485 685 2515 redoleat,
732 2485 813 2516 Nam
831 2487 981 2518 tentanda
995 2494 1070 2518 sunt
1085 2487 1203 2522 omnia,
1226 2498 1267 2518 ne
1293 2496 1347 2519 aut
1374 2489 1557 2520 AEschinem
1582 2496 1649 2519 tam

154 2527 342 2558 obliviosum
364 2527 412 2557 vel
436 2528 596 2558 literarum
613 2534 779 2568 expertem,
803 2535 859 2559 aut
877 2535 997 2560 tantam
1013 2530 1223 2560 mutationem
1248 2531 1423 2562 multorum
1450 2531 1591 2562 locorum
1617 2533 1650 2562 in

152 2570 297 2601 Homero
310 2571 425 2601 factam
440 2571 612 2601 credamus.
660 2571 722 2602 Sed
739 2571 823 2611 quod
838 2573 1025 2603 hemistichii
1043 2573 1128 2603 illius
1143 2583 1238 2603 nemo
1253 2580 1393 2605 veterum
1407 2575 1515 2615 Intpp.
1534 2575 1647 2605 memi-

154 2613 208 2648 nit,
233 2623 296 2643 non
319 2614 513 2650 Eustathius
546 2625 610 2644 non
638 2614 722 2644 01105
748 2615 1003 2652 Scholiastarum‚
1029 2615 1062 2646 id
1087 2616 1216 2656 quidem
1241 2617 1347 2648 minus
1371 2618 1491 2648 mirum
1517 2617 1648 2648 videtur.

154 2654 271 2686 Carent
286 2655 331 2686 illi
345 2656 441 2686 etiam
457 2657 634 2698 insignibus
649 2657 792 2692 versibus,
815 2668 894 2698 quos
909 2658 1032 2689 duobus
1047 2659 1124 2690 locis
1151 2659 1341 2691 Plutarchus
1367 2661 1457 2692 docet
1483 2662 1521 2691 ab
1550 2661 1650 2690 Alex-

153 2697 293 2729 andrinis
307 2705 477 2738 expunctos
491 2711 557 2731 esse
572 2702 604 2730 in
621 2701 761 2731 oratione
780 2700 937 2732 Phoenicis
952 2701 976 2732 ι’.
1000 2706 1072 2733 458.
1089 2713 1163 2743 sqq„
1180 2703 1329 2742 repositos
1343 2714 1362 2734 a
1377 2714 1429 2734 me
1444 2704 1577 2734 aliorum
1594 2713 1650 2733 ex·

152 2741 258 2779 emplo
273 2747 304 2772 et
314 2742 435 2782 judicio
451 2743 653 2774 Valckenarii
671 2744 770 2774 Diatr.
788 2744 822 2774 in
840 2744 1000 2783 Euripidis
1030 2745 1151 2786 Reliqq.
1178 2756 1207 2785 p.
1235 2750 1309 2777 264.
1358 2746 1515 2777 Caeterum
1541 2756 1578 2776 ex
1601 2745 1651 2776 his

151 2785 298 2815 omnibus
312 2791 445 2825 apparet,
470 2797 565 2826 quam
581 2797 651 2817 vere
660 2787 729 2827 jam
745 2786 867 2817 dudum
888 2788 1065 2827 Giphanius
1081 2789 1223 2827 senserit,
1246 2795 1359 2825 textus,
1383 2799 1447 2830 quo
1471 2789 1651 2819 Alexander

153 2826 200 2899 1ζῖ-
218 2837 293 2859 0505
308 2829 354 2864 sit,
380 2829 558 2868 exemplum
576 2830 607 2860 in
632 2836 737 2861 nostro
753 2841 816 2861 non
835 2841 1001 2872 superesse.
1049 2831 1088 2863 ld
1105 2842 1142 2863 ex
1158 2842 1223 2864 uno
1241 2833 1410 2864 Aristotele
1427 2831 1560 2872 intelligi
1576 2831 1651 2863 lice-

178 2875 218 2900 at.
