1856 3235
586 641 1110 693 ADMONITIO

809 885 874 916 DE

206 1085 875 1151 FRAGMENTIS
909 1085 988 1149 H
995 1083 1502 1150 OMERICIS.

100 1476 538 1558 FRAGMENTA
569 1509 801 1552 Homerica
820 1524 906 1551 non
940 1508 1068 1550 modo
1087 1507 1307 1550 versiculos
1328 1507 1594 1564 appellamus,

98 1595 169 1651 qui
189 1609 214 1636 a
234 1592 439 1635 veteribus
474 1600 853 1633 commemorantur
874 1606 896 1632 e
915 1591 1028 1632 libris
1049 1590 1271 1646 deperditis
1293 1591 1375 1632 sive
1397 1590 1594 1641 Homeri,

92 1679 175 1720 sive
197 1678 390 1719 Homero
424 1675 600 1726 tributis,
633 1675 704 1716 sed
734 1675 871 1725 etiam,
903 1674 974 1730 qui
1004 1687 1056 1714 ex
1077 1672 1361 1728 superstitibus
1390 1686 1468 1727 pro
1501 1672 1597 1713 Ho-

95 1760 258 1802 mericis
277 1758 557 1815 proferuntur,
588 1758 729 1800 necin
757 1756 957 1813 exemplis
987 1756 1147 1811 scriptis
1177 1764 1218 1797 et
1247 1755 1366 1796 editis
1386 1755 1600 1810 reperiun-

95 1848 175 1891 tur,
207 1840 307 1881 olim
338 1848 477 1882 tamen
507 1840 571 1882 vel
591 1841 635 1881 in
656 1839 856 1895 exemplis
885 1839 1172 1880 recensionum
1201 1837 1425 1888 variarum,
1458 1845 1499 1878 et
1521 1836 1598 1878 Ze-

95 1921 253 1971 nodoti,
275 1921 532 1979 legebantur,
564 1921 629 1962 vel
649 1921 701 1962 ab
722 1920 930 1962 nonnullis
959 1919 1209 1968 ferebantur,
1241 1918 1306 1959 vel
1336 1934 1361 1959 a
1390 1918 1599 1974 scriptori-

96 2002 172 2043 bus
194 2002 372 2058 antiquis
392 2002 571 2058 denique
603 2003 646 2043 in
666 2001 924 2058 proferendis
953 2000 1053 2042 locis
1076 1999 1316 2042 Homericis
1336 1998 1600 2040 exhibentur.

96 2082 165 2124 De
186 2082 266 2124 hoc
285 2098 436 2140 genere
456 2083 540 2125 fere
561 2083 719 2125 dictum
740 2091 799 2125 est
818 2084 862 2124 in
882 2082 1005 2123 notis.
1067 2081 1150 2123 Sed
1171 2096 1254 2130 eos,
1277 2094 1330 2121 ex
1349 2080 1538 2122 instituto
1559 2089 1599 2122 et

97 2163 288 2218 exemplo
317 2165 521 2215 Barnesz‘i,
556 2180 640 2206 uno
672 2164 764 2206 loco
796 2163 863 2205 hic
898 2177 1054 2219 ponere
1088 2161 1322 2204 consultum
1352 2161 1486 2203 visum
1521 2171 1599 2214 est:

96 2244 254 2284 omissis
285 2252 424 2285 tamen
460 2246 520 2295 iis,
544 2246 614 2301 qui
638 2245 680 2285 in
704 2245 864 2300 scriptis
887 2244 1000 2285 libris
1023 2244 1081 2285 ita
1101 2243 1351 2293 inseruntur,
1384 2251 1428 2284 ut
1449 2251 1599 2298 pateat,

97 2339 182 2366 esse
201 2325 289 2367 aliis
318 2341 370 2367 ex
400 2326 498 2367 locis
532 2327 712 2369 Homeri
747 2327 813 2368 vel
848 2325 1027 2376 additos,
1049 2324 1115 2366 vel
1147 2339 1242 2367 cum
1272 2324 1336 2375 iis,
1359 2324 1430 2380 qui
1466 2332 1598 2374 erant,

94 2416 369 2462 permutatos;
402 2423 454 2449 ex
476 2424 558 2464 quo
578 2424 729 2466 genere
755 2424 831 2450 nos
851 2409 975 2450 etiam
997 2406 1199 2464 quosdam
1218 2406 1262 2448 in
1294 2405 1426 2448 MSS.
1448 2405 1602 2460 reperi-

97 2501 203 2539 mus,
235 2498 282 2532 ut
301 2490 344 2531 in
367 2489 464 2532 MS.
490 2490 800 2532 Uratislaviensi
823 2489 941 2532 Iliad.
963 2489 1004 2531 η’.
1026 2493 1120 2530 234.
1147 2504 1226 2544 pro
1247 2503 1310 2539 eo,
1333 2488 1404 2544 qui
1420 2488 1464 2529 in
1484 2487 1604 2529 editis

98 2576 170 2618 est,
193 2572 275 2610 Ai'aev
297 2573 516 2625 οἱμαξτοεπὲς,
532 2573 668 2619 βεναίῖε,
691 2577 778 2611 ποῖον
797 2571 909 2616 ἔειπες,
938 2570 1010 2626 qui
1028 2569 1166 2612 editur
1202 2570 1251 2611 ῙῙ.
1275 2581 1309 2613 ν’.
1334 2574 1429 2611 824.
1492 2569 1603 2611 Nam

97 2650 174 2692 hos
192 2664 270 2705 pro
290 2648 532 2706 fragmentis
556 2649 736 2691 Homeri
757 2665 853 2692 cum
890 2651 1092 2693 Barnesio
1120 2651 1394 2694 adnumerare
1414 2651 1484 2692 vix
1506 2665 1604 2692 con-

97 2731 222 2772 venit.
285 2730 494 2772 Caeterum
518 2731 613 2773 satis
635 2740 810 2783 constat,
829 2732 965 2788 plures
985 2734 1207 2789 particulas
1228 2749 1433 2784 versuum,
1456 2740 1497 2774 et
1517 2746 1606 2773 ver·

106 2826 189 2863 sus,
211 2811 322 2868 apud
343 2819 497 2854 veteres
519 2812 825 2858 Grammaticos
846 2814 1029 2874 aliosque
1045 2815 1277 2873 scriptoreS‚
1293 2811 1611 2861 commemorari
