1856 3235
607 178 1168 227 PROLEGOMENA.
1555 191 1643 230 169

149 329 256 360 rum
296 310 450 359 multo
487 308 696 372 plurium
738 308 1006 356 lectionum
1042 316 1192 356 testes
1229 317 1421 359 exstant
1445 313 1642 364 minime

147 377 364 436 obscuri;
401 391 605 439 quorum
629 383 793 421 tamen
834 391 927 422 nec
965 391 1194 422 numerus
1229 391 1322 423 nec
1358 377 1470 425 alias
1506 396 1640 444 spec-

147 450 249 491 tata
283 442 471 490 bonitas
505 440 652 487 fidem
697 439 859 488 facere
899 448 1064 504 potest
1100 441 1177 498 iis,
1229 442 1401 504 quibus
1445 460 1550 491 eam
1583 446 1642 493 is-

145 516 303 556 tarum
338 507 495 570 aliqua
532 522 785 554 causarum
811 505 1029 570 derogat.
1101 506 1213 562 Qua
1253 523 1314 554 ex
1344 508 1494 555 classe
1535 511 1640 559 haec

145 572 367 636 exempla
390 574 452 630 ei,
488 572 569 636 qui
613 571 817 619 Homeri
853 571 1105 636 ingenium
1144 581 1194 620 et
1235 575 1640 624 consuetudinem

144 638 374 702 loquendi
409 637 648 695 calluerit,
685 638 801 701 quid
838 638 1001 695 velim,
1036 655 1136 686 uno
1171 647 1440 702 conspectu
1482 649 1641 689 osten-

145 705 285 752 dant:
325 703 383 750 ΙΙ.
409 703 464 751 α’.
497 712 574 751 20.
611 704 780 751 λύσαιτε
804 703 921 762 φίλην
943 703 1000 751 τοὶ
1026 705 1058 750 δ’
1087 705 1237 752 οἵποινα
1278 705 1447 765 δέχεσθε
1485 715 1639 755 muta-

142 777 247 817 tum
272 769 323 816 in
361 770 495 817 λῦσαί
511 789 554 817 τε
578 783 620 829 φ.
665 772 722 816 τά
762 771 798 816 τ’
827 770 978 817 ἄποινα
1007 770 1220 830 δέχεσθαι,
1256 770 1316 834 β’.
1354 777 1465 818 293.
1507 773 1550 826 ἥν
1589 774 1641 820 in

139 834 192 891 ὅν,
229 834 283 895 γ’.
308 844 386 882 42.
423 836 597 896 ἐπόψιον
620 836 669 882 in
694 835 887 894 ὑπόψιον,
912 835 963 882 δ’.
988 845 1064 883 24.
1095 837 1209 900 ‘'Hgn
1232 837 1283 883 in
1299 838 1426 900 Ἵ-Ιξῃ,
1461 837 1502 884 ε’.
1528 846 1640 890 227.

141 901 414 964 ἀποβήσομαι
460 901 511 948 in
558 903 825 965 ἐπιβήσομαι,
863 900 915 964 ζ’.
954 910 1028 948 51.
1065 902 1202 949 ἔπειθε
1239 903 1289 948 in
1315 902 1418 966 ὅξινε,
1454 902 1502 957 η’.
1528 911 1640 956 277.

139 967 275 1030 μέσσω
298 967 349 1014 in
371 967 521 1030 μέσσῳ,
557 966 616 1014 θ’.
641 977 748 1014 454.
783 967 831 1014 τὸ
855 967 895 1015 δὲ
926 968 1002 1014 καὶ
1037 969 1311 1030 τετελεσμένον
1349 968 1465 1016 ἔσται
1501 970 1552 1016 in
1591 971 1640 1018 τό

143 1032 183 1079 δέ
205 1051 270 1080 κεν
285 1051 367 1080 τετ.
391 1032 465 1088 ῆέν,
494 1032 537 1080 ι’.
565 1039 675 1080 632.
701 1033 866 1098 (628.)
882 1033 1009 1093 φόνοιο
1033 1034 1084 1080 in
1108 1038 1257 1092 φονῆος,
1281 1034 1334 1081 κ’.
1353 1042 1428 1082 88,
1455 1040 1575 1083 εἴσεαι
1589 1037 1642 1084 in

139 1099 324 1158 γνώσεαι,
347 1098 398 1146 λ’.
423 1107 498 1145 51.
531 1100 631 1162 μεθ’
661 1101 816 1154 ἱππήων
847 1100 897 1146 in
932 1101 1027 1162 μέγ’
1057 1101 1226 1156 ἱππήων,
1250 1100 1309 1163 μ’.
1336 1109 1443 1147 382.
1476 1103 1644 1166 χει’ξεσιν

140 1164 368 1228 ἀμφοτέρῃς
403 1167 464 1229 (S.
503 1166 610 1228 χειρί
640 1185 688 1226 γε
725 1168 777 1229 τῆ
813 1165 942 1229 ἑτέρῃ)
978 1166 1082 1230 φέξοι
1118 1165 1169 1212 in
1205 1167 1371 1230 χείξεσᾰ
1414 1168 1642 1233 ἀμφοτέξῃς

139 1229 241 1290 ἐ’χοι,
276 1230 319 1277 ν’.
344 1239 454 1279 485.
486 1231 536 1278 ἐν)
559 1234 685 1294 θυμῷ
708 1232 758 1277 in
783 1231 851 1278 ἐπὶ
873 1234 1014 1295 θυμῷ,
1039 1231 1086 1287 ξ’.
1110 1240 1222 1279 414.
1252 1231 1366 1296 ῥιπῆς
1388 1233 1439 1279 in
1464 1239 1640 1294 πληγῆς,

141 1294 186 1342 o‘.
213 1302 323 1346 379.
350 1296 429 1343 νόον
450 1297 500 1344 in
524 1297 693 1353 κτύπον,
729 1296 788 1343 π’.
814 1304 920 1348 732.
944 1298 1064 1358 ἔπεχε
1087 1297 1138 1344 in
1163 1297 1294 1357 ἔφεπε,
1318 1298 1362 1362 ξ’.
1390 1305 1495 1345 365.
1528 1300 1644 1347 πόνον

142 1361 193 1409 in
220 1362 342 1420 φόνον,
368 1361 416 1409 σ’.
441 1370 552 1410 531.
590 1365 702 1426 [goim
739 1363 789 1409 in
827 1364 970 1427 εἰράων,
1005 1362 1056 1410 τ’.
1086 1369 1158 1410 19.
1197 1365 1393 1428 έτάξπετο
1429 1365 1479 1411 in
1503 1368 1643 1430 rev-023-

143 1446 256 1482 πετο,
292 1427 341 1474 v‘.
368 1436 443 1475 35.
468 1429 649 1476 κέκαστο
672 1429 723 1475 in
747 1428 966 1485 κέκασται,
995 1428 1050 1488 φ’.
1074 1435 1187 1476 493.
1215 1430 1356 1477 ἔπειτα
1380 1430 1430 1477 in
1455 1431 1642 1487 ὕπαιθα,

139 1493 198 1554 χ’.
224 1499 330 1540 326.
366 1496 539 1556 μεμαώς
574 1494 625 1540 in
661 1500 884 1557 μεμαῶτα,
920 1494 987 1554 ψ’.
1027 1503 1137 1541 280.
1164 1496 1302 1548 σθένος
1336 1497 1388 1542 in
1424 1497 1552 1553 κλέος,
1588 1497 1642 1544 ω’.

142 1566 168 1609 7
175 1565 249 1605 93.
283 1560 520 1619 κασίγνητοι
543 1559 682 1622 ἕταροί
698 1579 742 1606 τε
765 1561 815 1606 in
839 1560 1096 1620 κασίγνηταί
1112 1562 1156 1608 θ’
1184 1562 1324 1625 ἕταροί
1340 1581 1394 1608 τε.

206 1624 284 1671 Ex
307 1623 399 1671 illis
424 1641 556 1672 nunc
598 1641 625 1671 a
648 1642 727 1673 me
751 1624 946 1689 rejectis
981 1625 1273 1674 lectionibus
1298 1626 1547 1675 nonnullae
1571 1645 1642 1676 sa-

139 1690 200 1737 tis
247 1690 470 1754 antiquos
520 1698 570 1738 et
614 1691 816 1739 idoneos
858 1698 1081 1739 auctores
1128 1692 1329 1750 habent,
1373 1693 1548 1757 partim
1590 1694 1642 1742 in

141 1755 346 1804 Scholiis
374 1756 663 1803 nominatim
688 1756 971 1820 appellatos.
1043 1758 1138 1805 Sed
1162 1774 1225 1806 ne
1268 1757 1445 1818 dicam,
1485 1759 1641 1807 diver-

139 1837 299 1869 sarum
346 1820 618 1869 lectionum
660 1823 860 1886 optione
915 1823 1029 1870 data
1068 1824 1208 1871 nobis
1248 1825 1428 1888 proprii
1462 1824 1639 1888 judicii

138 1887 481 1935 necessitatem
505 1888 714 1951 imponi3
752 1888 870 1952 quid
894 1896 984 1946 est,
1010 1889 1142 1952 quod
1166 1906 1254 1936 nos
1279 1890 1445 1953 adigat
1462 1892 1513 1937 in
1537 1908 1642 1939 ver-

137 1954 201 2000 ba
225 1953 521 2000 Criticorum
561 1961 802 2011 veterum,
838 1955 921 2002 ubi
946 1971 1028 2002 eos
1064 1955 1284 2003 Homero
1315 1956 1548 2004 indecora
1571 1957 1640 2004 in-

140 2017 337 2066 terdum
378 2019 656 2067 melioribus
695 2021 798 2083 jam
838 2028 942 2068 tum
984 2021 1196 2084 receptis
1232 2022 1521 2084 praetulisse,
1557 2031 1642 2071 aut

137 2100 199 2131 ex
222 2083 501 2147 importuna
524 2085 810 2149 conjectura
850 2085 1070 2134 intulisse
1096 2087 1391 2151 reperimus?
1429 2088 1640 2136 Ridetur

136 2165 220 2197 cor
242 2152 470 2199 Zenodoti
510 2158 560 2199 et
575 2151 723 2213 jecur
764 2153 989 2211 Cratetis;
1026 2169 1087 2200 an
1113 2152 1401 2201 Aristarcho
1442 2171 1499 2202 ea
1539 2155 1642 2202 ubi-

140 2231 234 2278 que
260 2215 388 2264 acies
411 2218 588 2266 mentis
624 2225 674 2265 et
688 2217 866 2281 judicii
889 2218 1002 2277 fuit,
1037 2226 1093 2266 ut
1129 2220 1188 2267 ab
1214 2236 1273 2267 eo
1298 2219 1553 2269 dissentire
1578 2220 1641 2269 sit

140 2280 305 2329 nefas?
354 2282 718 2333 Auctoritatem
758 2283 986 2347 profecto
1020 2301 1120 2333 non
1143 2284 1333 2333 faciunt
1356 2303 1534 2350 magna
1557 2303 1641 2334 no-

138 2347 295 2405 mina3
332 2348 505 2411 quibus
543 2349 666 2398 adeo
703 2349 742 2397 si
780 2351 930 2414 ipsius
971 2355 1132 2415 poetae
1171 2361 1415 2416 repugnat
1453 2352 1642 2416 ingeni-

138 2429 221 2460 um
246 2421 297 2461 et
320 2414 517 2463 aliunde
550 2415 828 2479 exploratus
868 2434 1000 2476 usuS‚
1034 2425 1145 2466 utra
1183 2417 1336 2482 major
1376 2419 1640 2467 auctoritas

139 2479 219 2537 sit,
253 2479 382 2528 illius
424 2497 485 2528 an
521 2481 686 2529 multis
727 2482 915 2531 saeculis
956 2484 1280 2548 posteriorum
1323 2484 1639 2543 Criticorum,

137 2560 226 2607 per
249 2561 299 2594 se
323 2562 385 2594 ne
409 2547 726 2610 quaerendum
752 2548 948 2612 quidem
972 2549 1051 2598 vel
1080 2550 1402 2599 dubitandum
1427 2550 1637 2598 videtur.

142 2609 343 2659 Utinam
383 2613 531 2661 modo
571 2613 775 2677 singulis
813 2614 934 2663 locis
976 2623 1241 2674 constaret,
1283 2617 1401 2681 quid
1445 2617 1637 2664 illorum

140 2676 341 2740 quisque
364 2679 548 2742 primus
586 2680 829 2729 invexerit
868 2681 920 2729 in
960 2690 1172 2741 textum,
1207 2691 1258 2731 et
1298 2683 1489 2747 qualem
1528 2698 1639 2730 eum

139 2743 388 2807 acceperit
410 2762 439 2792 a
462 2746 806 2810 superioribus.
1058 2774 1061 2777 Δ

205 2808 461 2860 Pertinent
494 2812 592 2860 huc
645 2812 790 2861 etiam
826 2813 1007 2879 integri
1043 2815 1240 2879 quidam
1285 2831 1468 2871 versus,
1520 2829 1639 2876 quos

141 2873 544 2976 velvoptxirmomm
584 2879 932 2944 exemplarium
972 2881 1268 2945 conspiratio
1311 2898 1335 2927 a
1362 2879 1636 2943 suspicione

252 2952 304 2976 οῐ..
364 2970 371 2977 .
938 2948 970 2981 Y
