1856 3235
192 209 280 247 158
610 199 1177 250 PROLEGOMENA.

174 328 353 376 referta
375 329 684 387 lectionibus,
709 332 794 378 sed
818 333 873 379 iis
899 350 990 381 nec
1014 334 1280 396 plimorum
1315 333 1543 391 fontium,
1565 337 1662 385 ‘nec'

172 394 417 441 rationum
441 396 766 459 explicatione
793 399 905 445 satis
940 400 1165 456 munitis3
1204 408 1448 462 postremo
1483 401 1654 460 multa,

175 476 284 523 quae
308 460 370 507 acl
394 461 664 508 doctrinam
691 472 740 509 et
764 463 1088 510 litteraturam
1129 465 1461 522 Homericam,
1486 483 1659 528 pauca,

175 541 285 588 quae
309 526 370 573 ad
394 543 585 573 sensum
611 528 912 589 poeticarum
936 529 1174 576 virtutum
1209 530 1569 578 informandum
1592 532 1661 579 fa-

174 591 323 648 ciant,
343 592 602 638 admodum
628 592 765 648 nihil,
796 593 927 655 quod
950 594 1071 640 vatis
1108 602 1300 642 aetatem
1337 598 1432 643 suis
1477 597 1660 659 opinio-

172 656 334 714 nibus,
359 657 571 704 moribus
596 664 645 703 et
681 659 811 703 omni
847 659 1088 705 sentiendi
1125 668 1173 705 et
1209 661 1457 723 cogitandi
1491 670 1662 710 tenore

172 731 512 784 repraesentet3
551 738 612 768 ne
633 723 750 784 quid
775 723 835 770 cle
871 724 1088 771 auctario
1126 741 1364 787 nugarum
1407 726 1661 775 doctarum

173 794 223 833 et
249 787 556 834 indoctarum
583 787 760 845 dicam,
785 805 881 850 quo
905 788 1010 837 haec
1047 806 1240 852 quoque
1278 790 1470 837 Scholia
1503 808 1661 840 aevum

173 868 315 900 suum
339 861 595 900 testantur.
1586 861 1594 864 ’

175 953 181 957 -
239 918 421 975 Quare,
448 926 502 965 ut
525 935 657 966 nunc
682 935 732 966 se
755 936 830 967 res
854 919 1018 976 habet,
1044 937 1104 967 ex
1141 937 1238 984 quo
1274 920 1563 969 Graecorum
1602 940 1662 971 ao

170 982 460 1031 Latinorum
484 984 659 1031 litterae
683 985 732 1031 in
756 985 1039 1048 popularem
1063 1003 1236 1049 gyrum
1264 987 1468 1034 coartari
1494 1005 1656 1052 coepe-

168 1056 304 1107 runt,
327 1049 468 1096 valde
493 1050 760 1097 verendum
786 1059 875 1107 est,
902 1067 963 1098 ne
988 1052 1140 1114 operi,
1166 1052 1300 1115 quod
1337 1053 1545 1101 maxime
1581 1055 1661 1102 de,

169 1113 274 1162 ficit
296 1114 348 1160 in
373 1115 447 1171 iis,
473 1132 581 1178 quae
606 1115 753 1178 vulgo
780 1116 1089 1178 cupidissime
1114 1118 1429 1180 anquirimus,
1455 1119 1537 1165 vix
1579 1120 1662 1166 ali-

171 1179 254 1242 qui
280 1180 571 1243 contingant
596 1197 621 1227 e
665 1181 936 1244 longinquo
961 1192 1266 1236 venerantes,
1307 1183 1515 1230 lectores
1555 1201 1661 1247 per-

167 1245 328 1307 pauci.
401 1245 575 1308 Neque
600 1245 667 1302 id,
694 1255 748 1292 ut
780 1246 926 1293 hodie
966 1246 1100 1309 loqui
1136 1248 1310 1304 solent,
1345 1248 1444 1311 legi
1477 1258 1668 1311 potest3.

167 1310 360 1357 assidue
384 1311 601 1369 tractari,
626 1312 812 1368 excuti,
839 1328 952 1359 cum
989 1312 1185 1375 reliquis
1209 1313 1452 1370 omnibus,
1488 1315 1662 1377 quibus

167 1383 384 1423 vetustas
430 1377 669 1439 pepercit,
717 1377 939 1424 subsidiis
987 1378 1176 1425 curiose
1219 1377 1429 1426 conferri
1484 1381 1659 1442 poscit.

171 1441 320 1497 Quod
345 1459 441 1505 quo
465 1443 571 1505 quis
605 1441 780 1490 fecerit
817 1443 1097 1500 studiosius,
1138 1460 1196 1490 eo
1233 1444 1385 1507 magis
1421 1445 1665 1509 intelligat

168 1515 382 1570 oportet,
425 1525 486 1555 ex
523 1517 705 1570 quanto
744 1508 998 1571 naufragio
1038 1509 1089 1555 in
1132 1509 1225 1556 hoc
1264 1509 1502 1557 doctrinae
1543 1513 1659 1560 orbe

168 1589 312 1635 quam
328 1590 485 1636 pauca
502 1574 565 1620 ad
581 1590 667 1620 nos
685 1574 906 1636 perlapsa
923 1574 1197 1636 fragmenta
1220 1575 1336 1632 sint,
1351 1575 1501 1622 instar
1525 1575 1653 1624 foru-

168 1637 326 1685 lorum
352 1638 537 1701 aliquot
561 1656 621 1686 ex
645 1639 944 1686 bibliotheca
967 1640 1172 1703 ingenti.
1256 1640 1366 1696 Qua
1390 1640 1450 1688 de
1475 1657 1527 1688 re
1546 1658 1657 1704 pos-

168 1710 265 1761 tea,
294 1704 331 1750 si
355 1704 518 1751 locum
545 1704 606 1751 de
634 1704 914 1752 Homerica-3
937 1705 1162 1752 lectionis
1185 1704 1402 1753 fontibus
1430 1706 1657 1769 attigero,

166 1769 388 1832 pluribus
415 1770 680 1817 dicendum
705 1771 810 1818 erit.
882 1770 977 1818 Sed
1014 1771 1231 1834 quamvis
1273 1788 1333 1818 ne
1374 1772 1518 1818 unius
1556 1773 1659 1835 qui-

168 1834 280 1882 dem
306 1835 572 1883 celebrium
598 1836 894 1884 Criticorum
930 1846 1150 1883 veterum
1190 1838 1404 1900 integras
1445 1837 1659 1885 animada

167 1900 411 1948 versiones
436 1910 521 1948 aut
538 1902 871 1949 recensionem
897 1919 1258 1966 recuperemus,
1303 1919 1421 1965 quas
1460 1914 1661 1966 propter

166 1966 319 2013 varias
345 1983 511 2014 causas
535 1967 653 2014 mihi
677 1967 936 2015 verisimile
961 1985 1060 2015 non
1085 1975 1175 2025 est,
1199 1968 1414 2031 genuino
1451 1985 1539 2015 suo
1577 1969 1658 2016 ha..

164 2030 272 2078 bitu
295 2032 345 2078 in
371 2032 431 2079 V.
470 2041 519 2080 et
554 2033 602 2079 V
606 2033 645 2079 I.
684 2033 916 2081 saeculum
952 2034 1260 2097 perdurasse3
1299 2034 1572 2097 passimque
1606 2036 1659 2082 in

167 2096 365 2160 vulgato
389 2106 531 2145 textu
556 2099 809 2162 scripturae
833 2100 929 2146 sint
943 2099 1056 2163 jure
1081 2109 1337 2163 suspectae,
1378 2116 1495 2162 quas
1519 2100 1659 2148 nobis

165 2162 299 2209 nulla
322 2164 508 2211 notatio
533 2164 786 2223 sollicitet3
825 2165 917 2212 alia
940 2182 1134 2228 prorsus
1160 2166 1367 2223 deserta,
1391 2181 1500 2228 quae
1525 2182 1553 2211 a
1574 2182 1656 2214 ve-

164 2228 348 2276 teribus
374 2230 562 2278 diverse
581 2230 819 2278 illustrata
843 2248 946 2278 esse
972 2231 1167 2278 aliunde
1194 2232 1380 2278 discere
1404 2230 1482 2278 vel
1506 2231 1658 2295 suspi-

166 2294 264 2340 cari
287 2294 456 2354 liceat;
495 2313 645 2359 quum
670 2297 921 2354 nonnulla,
963 2313 1072 2360 quae
1105 2298 1371 2361 interprete
1408 2313 1506 2344 non
1544 2313 1656 2360 ege-

162 2358 298 2417 bant,
323 2361 495 2409 obruat
514 2362 664 2410 moles
689 2363 1169 2410 commentariorum:
1208 2363 1293 2410 sed
1312 2362 1528 2426 quamvis
1548 2361 1655 2410 haec

163 2432 214 2471 et
236 2425 418 2488 majora
442 2427 704 2485 desideres,
729 2437 890 2476 tamen
919 2445 1104 2486 eorum,
1143 2445 1251 2492 quae
1287 2429 1450 2485 docte,
1489 2437 1654 2486 acute,

160 2489 414 2553 ingeniose
439 2502 623 2551 notata,
650 2511 758 2556 quae
783 2495 968 2542 utiliter
992 2495 1324 2541 animadversa
1348 2502 1432 2540 aut
1472 2509 1531 2540 ex
1573 2501 1657 2540 an-'

159 2555 430 2619 tiquissimo
455 2575 559 2606 aevo
594 2570 860 2623 propagata
894 2569 1026 2618 sunt,
1051 2560 1173 2608 adeo
1197 2567 1392 2622 superat
1415 2559 1572 2621 copia,
1598 2568 1656 2606 ut

161 2622 364 2686 quisque
388 2624 552 2671 videat
576 2624 669 2672 hoc
694 2626 922 2673 thesauro
946 2626 1138 2674 recluso
1162 2633 1353 2673 tantum
1379 2623 1651 2686 adjumenti

159 2686 383 2735 Homero
427 2689 488 2736 ad
512 2699 808 2749 accuratam,
846 2700 896 2739 et
921 2692 1141 2740 criticam
1183 2700 1233 2738 et
1255 2690 1556 2747 historicam,
1580 2690 1652 2736 in-

156 2755 557 2817 terpretationem
602 2756 819 2814 allatum,
861 2765 1097 2821 quantum
1139 2757 1201 2804 ad
1240 2755 1443 2803 aliorum
1484 2759 1655 2818 poeta-

155 2834 281 2877 rum,
306 2837 427 2885 quos
462 2821 611 2869 iidem
653 2821 977 2870 Alexandrini
1019 2830 1372 2879 tractaverunt,
1414 2822 1654 2868 habemus·

154 2884 358 2934 nullum.
428 2887 562 2951 Ergo
587 2887 812 2938 desinant
846 2888 1108 2952 aliquando
1150 2886 1476 2936 Orientalium
1516 2886 1649 2936 litte-
