1856 3235
193 226 212 263 1
223 225 281 263 62
648 208 1206 258 PROLEGOMENA.

191 339 353 406 quoad
374 338 538 387 fontes
559 339 855 403 ignoramus,
879 356 976 387 non
1001 341 1069 386 ita
1096 338 1255 403 gravis
1287 338 1549 386 auctoritas
1573 355 1676 388 esse

190 412 377 471 potest;
414 421 561 469 quum
588 406 782 454 codices
807 406 1018 469 quidam,
1053 404 1297 468 praecipue
1333 404 1554 452 Venetus
1576 405 1678 463 ille,

190 478 391 536 propter
429 471 706 518 testimonia
743 471 1047 518 Scholiorum
1087 470 1373 533 plerumque
1426 470 1570 517 etiam
1610 470 1679 518 ibi

192 543 471 584 mereantur
494 536 659 594 fidem,
701 536 783 583 ubi
824 543 1110 584 caeterorum
1148 533 1380 581 librorum
1416 551 1681 582 consensus

191 618 293 649 non
317 601 522 650 accedit.
595 602 705 658 Qua
727 601 777 647 in
802 618 854 648 re
879 616 1004 663 saepe
1028 599 1145 646 mihi
1168 616 1259 646 usu
1274 600 1426 658 venit,
1450 608 1506 647 ut
1527 599 1680 664 longo

195 668 403 715 circuitu
445 667 747 730 pervenirem
789 666 851 713 ad
875 682 953 712 eas
979 664 1323 722 correctiones,
1365 681 1482 728 quas
1517 665 1682 713 eximii

192 733 300 781 libri
340 733 521 797 primus
563 732 821 795 adspectus
860 730 1038 777 frustra
1077 729 1335 777 obtulerat.
1405 731 1533 777 Nam
1574 747 1683 795 quae

191 815 368 862 magna
402 805 475 845 est
507 797 650 861 hujus
684 797 779 843 mei
815 813 871 844 ac
907 795 1089 843 Veneti
1123 802 1288 843 textus
1325 797 1684 855 convenientia,

192 880 298 913 eam
323 870 495 927 sponte
519 870 681 910 natam
700 863 863 920 habui,
882 877 981 909 non
1001 861 1211 925 quaesivi.
1284 861 1527 917 Quoniam
1554 862 1684 908 enim

193 947 271 977 me
310 936 590 977 constanter
624 928 686 975 ad
709 927 853 975 fidem
894 934 1085 975 testatae
1125 927 1424 990 antiquitatis
1465 927 1686 974 contule-

192 1011 313 1052 ram,
337 994 456 1041 nihil
479 994 698 1042 tribuens
721 993 907 1057 vulgari
931 993 1135 1050 levitati,
1160 1009 1269 1056 quae
1293 993 1409 1040 dum
1434 993 1688 1056 scripturae

192 1061 447 1108 veritatem
473 1059 714 1124 elegantia
744 1059 822 1107 vel
847 1058 986 1106 simili
1021 1059 1183 1121 specie
1217 1059 1435 1116 metitur,
1470 1074 1598 1105 nova
1633 1065 1686 1106 et

190 1126 389 1189 antiqua
421 1123 524 1173 fere
560 1125 694 1172 nullo
730 1125 1006 1173 discrimine
1030 1124 1222 1187 arripit3
1259 1124 1404 1171 etiam
1438 1124 1684 1187 principes

192 1191 430 1238 editiones
454 1207 668 1254 perraro,
694 1197 744 1237 et
767 1206 829 1237 ne
854 1190 1103 1237 Venetum
1129 1189 1325 1252 quidem
1355 1189 1578 1237 codicem
1602 1205 1685 1236 ne-

189 1273 285 1320 que
312 1255 621 1306 Eustathium
645 1255 736 1302 nisi
760 1255 822 1302 de
845 1254 1062 1302 fontibus
1081 1255 1175 1301 suis
1194 1261 1468 1311 monentes,
1487 1253 1686 1302 audien-

193 1322 280 1369 dos
306 1338 409 1369 esse
435 1321 566 1383 duxi.
636 1321 809 1384 Itaque
835 1321 873 1367 si
896 1321 946 1367 in
971 1319 1113 1383 hujus
1136 1320 1458 1367 verbosissimi
1478 1318 1686 1367 hominis

190 1387 515 1434 voluminibus
539 1387 658 1433 nihil
683 1386 814 1434 aliud
838 1403 981 1450 quam
1015 1385 1255 1433 variantes
1288 1385 1524 1433 lectiones
1560 1401 1687 1448 quae-

191 1452 374 1511 sissem,
403 1469 550 1516 quum
576 1469 637 1500 ex
659 1453 733 1510 iis,
759 1469 866 1515 quae
889 1452 980 1516 ipsi
1002 1452 1211 1515 propriae
1227 1459 1358 1508 sunt,
1375 1451 1687 1515 paucissimas

192 1518 478 1581 receperim,
502 1518 701 1565 minima
721 1534 831 1580 pars
857 1517 1208 1565 emendationis
1242 1533 1365 1564 meae
1387 1516 1503 1563 mihi
1538 1516 1685 1563 maxi-

193 1600 273 1632 mo
297 1584 443 1632 taedio
467 1591 518 1632 et
542 1583 797 1648 dispendio
821 1583 1052 1646 temporis
1077 1582 1364 1630 redimenda
1387 1589 1504 1630 erat.

894 1780 986 1828 VI.

259 1912 355 1961 Sed
377 1928 681 1977 nequaquam
705 1928 782 1959 me
816 1912 1024 1975 poenitet
1058 1911 1199 1974 hujus
1235 1911 1399 1968 studii,
1435 1910 1566 1974 quod
1599 1927 1686 1974 per

192 1979 319 2025 hanc
344 1979 650 2026 occasionem
674 1978 724 2024 in
749 1977 1042 2025 tractatione
1074 1985 1294 2024 veterum
1332 1977 1686 2024 Grammatico-

190 2061 296 2090 rum
323 2044 614 2107 consumpsi.
687 2044 844 2090 Immo
867 2050 1058 2089 tantum
1082 2059 1142 2090 eo
1166 2059 1243 2089 me
1263 2042 1483 2106 adjutum
1509 2042 1684 2099 sentio,

193 2126 292 2156 non
317 2110 462 2157 modo
488 2110 549 2157 ad
572 2109 667 2156 hoc
692 2126 830 2172 opus,
856 2109 942 2155 sed
976 2108 1038 2154 ad
1062 2124 1254 2155 omnem
1290 2107 1573 2155 facultatem
1596 2107 1686 2154 lin-

195 2191 306 2238 guae
331 2174 538 2233 Graecae,
562 2175 807 2222 neminem
830 2181 887 2220 ut
910 2173 1113 2221 arbitrer
1135 2174 1186 2220 in
1209 2173 1309 2220 ullo
1335 2173 1514 2221 Graeco
1538 2173 1685 2236 scrip-

191 2250 299 2288 tore
324 2241 517 2288 edendo
540 2240 777 2304 proficere
815 2255 974 2303 posse,
999 2239 1089 2286 nisi
1115 2239 1254 2287 simili
1279 2255 1424 2287 cursu
1463 2238 1686 2286 lectionis

190 2315 439 2370 praecepta
462 2306 653 2353 illorum
679 2305 951 2370 collegerit,
975 2312 1026 2352 et
1049 2304 1111 2352 ad
1135 2305 1339 2369 optimas
1371 2304 1582 2352 rationes
1606 2319 1685 2351 ex-

191 2371 491 2420 aminaverit.
560 2371 735 2435 Neque
759 2372 810 2419 id
833 2371 1091 2418 molestum
1131 2371 1384 2435 negotium
1419 2377 1493 2418 est
1517 2369 1579 2426 ei,
1603 2369 1687 2432 qui

192 2437 410 2485 assiduus
437 2445 486 2485 et
510 2436 655 2485 alacri
681 2438 840 2485 animo
863 2436 1062 2484 idoneas
1086 2437 1157 2484 rei
1182 2436 1319 2484 horas
1347 2451 1545 2499 carpere
1571 2451 1685 2482 con-

191 2503 357 2550 suerit.
429 2502 590 2551 Credo
615 2519 729 2551 sane
752 2502 941 2551 facilius
965 2518 1087 2560 esse,
1123 2501 1566 2550 Grammaticorum
1600 2500 1686 2547 mi-

190 2569 352 2616 nutias
375 2568 634 2626 ridentem,
659 2569 720 2617 de
749 2569 1001 2616 Homerici
1027 2568 1190 2616 saeculi
1213 2567 1430 2615 barbarie
1460 2574 1510 2614 et
1534 2565 1684 2613 horri-

191 2633 257 2681 do
282 2635 381 2682 sive
406 2634 596 2682 erudito
622 2634 757 2682 cultu
793 2635 1043 2692 sermonis,
1068 2635 1129 2682 de
1164 2632 1368 2681 fabulari
1402 2632 1601 2679 historia
1635 2639 1686 2679 et

189 2699 467 2764 insipientia
506 2700 738 2764 mythica‚
778 2700 855 2748 vel
883 2700 943 2748 de
985 2700 1109 2765 epici
1148 2699 1385 2747 Carminis
1426 2697 1684 2745 virtutibus

192 2781 253 2812 ex
280 2764 561 2814 Aristotelis
587 2766 795 2814 decretis
819 2765 1108 2830 philosopho
1148 2764 1396 2811 molimine
1421 2763 1683 2826 disputare.

193 2831 387 2896 Nempe
412 2831 562 2879 taedet
585 2831 634 2878 in
659 2831 749 2879 ista
788 2831 1002 2880 lectione
1027 2831 1199 2879 doctos
1238 2830 1544 2877 indoctarum
1570 2844 1683 2891 qua-

192 2897 396 2945 rundam
422 2905 472 2946 et
507 2897 801 2945 minutarum
843 2898 1154 2962 argutiarum.
1226 2895 1298 2944 At
1336 2895 1542 2960 primum
1584 2910 1682 2941 mo-

975 2969 995 2985 ο

975 2987 995 2995 a
