1856 3235
598 227 1156 277 PROLEGOMENA.
1533 236 1627 282 275

137 365 309 429 plexus
327 378 360 420 ²,
410 362 471 410 ad
511 359 787 422 exemplum
840 357 1237 421 philosophorum
1287 367 1337 406 et
1376 360 1624 409 rhetorum

133 428 494 494 grammaticam
519 424 731 473 scholam
758 423 962 487 aperuit,
990 439 1051 470 ex
1076 440 1169 486 qua
1189 432 1238 470 et
1263 424 1343 470 alii
1372 425 1625 474 Homerici

137 496 436 558 prodierunt,
475 509 501 539 e
526 491 699 555 quibus
735 489 978 552 hodieque
1001 497 1099 536 tres
1140 489 1244 536 noti
1269 498 1381 536 sunt
1398 493 1431 546 b,
1470 500 1520 539 et
1542 492 1623 540 ille

136 561 346 607 omnium
383 558 529 621 longe
565 555 854 603 clarissimus
893 554 1222 602 Aristarchus.
1295 554 1390 601 Sed
1434 556 1622 604 Aristo-

131 625 301 689 phanis
326 625 374 670 in
400 632 598 670 caeteras
621 630 783 685 partes
818 620 1098 684 philologiae
1122 620 1276 667 multo
1299 620 1625 669 luculentiora

132 691 360 738 videntur
384 689 555 736 merita
590 687 752 743 fuisse,
791 703 934 750 quam
959 686 1009 732 in
1051 685 1345 744 Homerum3
1386 686 1622 748 siquidem

130 756 182 802 in
206 755 525 818 quadraginta
548 753 683 809 locis,
709 755 759 799 in
795 753 969 816 quibus
1004 769 1032 798 a
1054 752 1299 809 veteribus
1335 750 1621 808 celebratur,

131 821 212 867 vix
236 821 383 867 semel
407 828 491 868 aut
530 820 706 867 iterum
745 817 930 864 mentio
969 817 1024 864 fit
1047 817 1219 864 horum
1258 817 1541 865 Carminum
1566 819 1624 865 ab

129 885 213 933 illo
237 886 586 933 recensitorum
611 884 689 932 vel
713 884 1062 930 illustratorum
1083 897 1115 928 ⁶.

196 951 393 999 Etenim
432 951 528 1007 ille,
572 958 628 998 ut
663 965 872 997 summas
913 965 988 995 res
1029 949 1302 1012 generatim
1345 965 1623 1012 persequar,

127 1025 302 1081 praeter
327 1016 547 1064 delectus
572 1024 622 1064 et
658 1031 885 1063 censuras
911 1014 1202 1078 scriptorum
1245 1013 1479 1078 cujusque
1506 1014 1623 1062 clas-

129 1083 190 1130 sis
214 1084 523 1147 opfflmorum,
551 1099 667 1146 quas
702 1082 761 1140 ab
789 1080 1118 1144 Aristophane
1143 1080 1401 1128 utilissime
1435 1081 1627 1128 institu-

173 1222 193 1242 a
216 1211 320 1242 Studii
340 1211 508 1252 pertinacia
522 1211 710 1252 intelligitur
726 1211 864 1241 maxima
885 1210 981 1240 fuisse
1004 1220 1042 1239 ex
1059 1209 1134 1239 locis
1159 1209 1223 1240 Cic.
1241 1209 1279 1239 de
1295 1210 1329 1240 F.
1346 1210 1382 1240 B.
1404 1215 1435 1239 et
1451 1210 1498 1240 M.
1515 1209 1556 1238 V.
1573 1213 1623 1240 19.

131 1260 162 1285 et
177 1255 330 1285 Varronis
344 1255 384 1285 de
399 1256 434 1285 L.
451 1255 486 1285 L.
514 1255 574 1285 IV.
592 1256 687 1294 princ.
703 1255 756 1284 ubi
774 1253 977 1292 Aristophani
993 1255 1117 1283 lucerna
1135 1253 1290 1288 tribuitur,
1313 1253 1407 1282 etiam
1432 1263 1470 1283 ex
1491 1251 1625 1282 ridicula

126 1299 305 1329 narratione
322 1298 444 1328 Vitruv.
461 1298 554 1328 Praef.
571 1298 664 1333 V11.,
683 1308 746 1336 qua
760 1308 860 1327 omnes
874 1298 965 1327 libros
987 1307 1021 1326 ex
1036 1298 1142 1326 ordine
1164 1298 1299 1335 quotidie
1320 1307 1436 1326 summa
1460 1297 1624 1335 diligencia

121 1343 285 1381 perlegisse
302 1341 408 1371 fertur.
453 1341 549 1376 Quod
563 1351 657 1370 nemo
672 1340 818 1370 aliorsum
837 1342 925 1380 (nam
936 1339 1084 1379 pinguius
1096 1338 1234 1377 loquitur
1252 1339 1463 1378 Architectus)
1478 1349 1572 1378 quam
1583 1338 1624 1368 ad

130 1383 285 1414 assiduam
301 1384 467 1414 lectionem
484 1383 683 1414 classicorum
699 1384 883 1422 scriptorum
897 1382 1090 1421 docendique
1112 1392 1238 1420 operam
1255 1382 1363 1411 trahet.
1409 1382 1474 1411 Hic
1489 1382 1566 1411 mihi
1590 1382 1624 1411 in

128 1433 266 1458 mentem
278 1428 362 1457 venit
373 1428 430 1457 viri
440 1427 522 1456 docti
534 1427 720 1457 ferventiore
736 1426 872 1465 ingenio,
886 1436 980 1465 quem
996 1435 1096 1463 nuper
1107 1424 1220 1458 audivi,
1232 1434 1330 1464 quum
1342 1423 1532 1463 praedicaret,
1549 1424 1625 1454 ado-

128 1469 335 1500 lescentulum
351 1481 383 1501 se
399 1477 462 1500 tota
478 1470 582 1501 Biblia
595 1480 680 1500 sacra
695 1470 776 1499 inter
790 1469 957 1508 prandium
974 1474 1005 1498 et
1019 1468 1178 1507 potionem
1194 1468 1291 1498 caldae
1310 1468 1451 1498 Arabicae
1467 1468 1625 1508 perlegere

128 1513 255 1543 solitum
279 1524 354 1543 esse.

169 1557 190 1586 b
214 1556 373 1596 Agalliam
409 1556 606 1596 Corcyraeum
636 1556 704 1596 jam
726 1555 799 1585 alibi
825 1555 966 1594 produxi.
1013 1554 1092 1594 Ejus
1116 1553 1346 1593 condiscipulos
1367 1554 1513 1584 novimus
1535 1554 1622 1590 duos

125 1598 314 1635 Diodorum,
332 1600 420 1639 cujus
435 1600 539 1638 inepta
555 1599 702 1629 correctio
719 1599 831 1638 Odyss.
847 1598 879 1628 δ’.
895 1602 942 1627 18.
958 1599 1030 1628 καθ’
1047 1598 1149 1630 αὖτοὺς
1163 1598 1356 1635 improbatur
1371 1598 1409 1627 ab
1427 1599 1544 1627 Athen.
1562 1598 1625 1628 IV.

125 1653 154 1682 p.
174 1645 242 1672 180.
259 1643 297 1672 Ε.
313 1648 344 1672 et
359 1643 452 1682 hujUS
475 1642 688 1681 compilatore,
714 1642 866 1675 Eustath.,
891 1640 946 1680 qui
968 1646 1039 1678 etp.
1062 1644 1150 1670 1504.
1177 1639 1307 1681 Διὸδωξον
1330 1642 1539 1682 Γραμματικόν
1555 1641 1623 1671 lau-

126 1685 187 1720 dat,
202 1687 240 1715 ab
256 1685 318 1721 illo,
337 1692 373 1716 ut
387 1691 471 1724 puto,
488 1692 519 1715 et
535 1696 581 1720 eo,
597 1685 688 1725 cujus
704 1684 808 1714 Schol.
821 1683 915 1714 Pind.
932 1684 1043 1713 Isthm.
1065 1683 1113 1712 II.
1129 1687 1178 1714 54.
1195 1683 1349 1718 meminit,
1375 1693 1438 1713 non
1455 1683 1623 1720 diversum,

127 1734 220 1769 atque
237 1728 459 1764 Callistratum,
475 1729 527 1769 qui
544 1739 592 1767 ap.
612 1729 727 1758 Athen.
750 1728 776 1757 I.
793 1738 822 1766 p.
838 1730 888 1756 ⁶21.
907 1726 943 1756 C.
968 1727 1183 1756 Aristarchum
1201 1726 1312 1756 acriter
1335 1727 1471 1765 castigat,
1497 1737 1560 1756 non
1584 1728 1625 1757 ob

127 1771 244 1802 malam
260 1771 524 1809 emendationem,
539 1770 593 1801 sed
605 1770 689 1811 quod
704 1771 732 1800 ei
750 1772 883 1810 pallium
901 1771 1070 1800 dissedisse!
1090 1771 1200 1808 impar.
1247 1768 1338 1799 Idem
1359 1769 1554 1799 Callistratus
1570 1776 1625 1805 est,

129 1815 220 1856 cujus
235 1815 449 1845 commentarii
467 1815 543 1844 olim
559 1814 738 1844 ferebantur
752 1813 792 1843 ad
809 1813 999 1847 Homerum,
1016 1812 1202 1847 Pindarum,
1220 1812 1414 1851 Euripidem,
1441 1813 1626 1852 Aristopha-

127 1868 209 1893 nem,
227 1857 342 1888 laudati
361 1857 538 1888 Scholiastis
553 1857 666 1887 nostris
681 1863 712 1886 et
727 1856 799 1886 alibi
816 1862 847 1886 et
861 1856 902 1886 ad
919 1856 958 1886 Il.
973 1856 1007 1885 in
1021 1865 1074 1885 sex
1091 1855 1276 1885 lectionibus
1300 1857 1354 1894 (γ’.
1377 1859 1424 1884 18.
1440 1856 1476 1895 ζ,
1495 1859 1566 1886 434.
1582 1860 1627 1894 μ’.

129 1904 179 1932 25.
195 1903 231 1940 φ’.
250 1904 320 1931 1526.
334 1900 372 1932 ω’.
392 1905 458 1931 154.
477 1901 564 1941 213.)
581 1910 619 1930 ex
642 1900 790 1939 operibus
804 1899 910 1934 tribus,
935 1909 1004 1939 quae
1020 1899 1127 1928 omnia
1141 1898 1189 1928 vel
1205 1898 1243 1928 ad
1267 1899 1554 1937 interpretationem
1579 1900 1627 1930 vel

128 1944 170 1974 ad
184 1943 434 1974 emendationem
454 1944 553 1974 Hom.
577 1943 804 1982 pertinuerunt.
851 1943 1042 1982 Quanquam
1065 1941 1103 1971 ad
1128 1944 1167 1981 γ’.
1187 1945 1235 1971 18.
1253 1941 1320 1981 ejus
1345 1944 1477 1972 recensio
1497 1942 1627 1973 affertur

129 1988 154 2017 ἓν
169 1990 234 2021 ’ταῖς
260 1988 483 2029 χαριεστάτους.
529 1987 636 2017 Unam
663 1987 874 2026 conjecturam
902 1985 977 2025 ejus,
1003 1989 1043 2022 μ’.
1071 1988 1120 2015 25.
1136 1985 1162 2014 ἓν
1187 1983 1209 2014 δ’
1232 1984 1320 2025 ἦμαρ.
1338 1984 1470 2014 deorum
1497 1986 1627 2016 numine

131 2040 225 2070 quam
244 2031 385 2060 Homero
400 2030 588 2070 digniorem.
603 2029 659 2059 etsi
688 2029 889 2064 lenissimam,
905 2035 1074 2068 antequam
1096 2033 1204 2057 auctor
1226 2027 1422 2057 Callistratus
1437 2029 1626 2065 innotuerat,

130 2083 168 2102 ex
185 2073 334 2103 „Mosaicis
344 2074 515 2103 rationibus
530 2072 636 2111 rejecit
648 2073 775 2103 Barnes.
823 2072 928 2102 Aliam
946 2072 1039 2101 etiam
1064 2070 1216 2100 leniorem
1231 2072 1446 2110 conjecturam
1462 2071 1528 2110 ejus
1544 2082 1568 2101 v.
1593 2072 1626 2101 in

135 2116 236 2146 Schol.
252 2116 328 2146 min.
346 2122 376 2146 et
392 2117 480 2146 Eust.
501 2115 538 2145 ad
557 2115 668 2155 Odyss.
691 2116 722 2157 ρ’.
741 2118 810 2146 455.
858 2116 904 2144 At
926 2120 962 2144 ut
983 2114 1078 2154 longe
1100 2113 1165 2143 istis
1188 2114 1292 2152 pejora
1317 2114 1432 2147 luserit,
1458 2120 1629 2152 potuerunt

133 2165 240 2189 tamen
257 2164 286 2188 et
302 2159 369 2199 ejus
385 2166 416 2189 et
430 2160 569 2198 priorum
585 2158 721 2188 duorum
745 2158 805 2188 alia
822 2158 932 2188 merita
953 2168 1020 2187 esse
1037 2157 1069 2186 in
1087 2157 1276 2190 Homerum,
1300 2167 1372 2197 quae
1395 2167 1480 2187 nunc
1503 2157 1629 2196 penitus

131 2202 326 2242 ignorantur.
376 2203 533 2232 Caeterum
550 2202 632 2242 quod
648 2203 779 2232 scholam
798 2201 1015 2240 Aristophanis
1030 2206 1179 2240 tanquam
1204 2210 1322 2229 novum
1344 2199 1524 2230 institutum
1542 2211 1628 2231 com-

134 2246 313 2281 memoravi,
332 2255 394 2275 non
411 2251 486 2285 puto
501 2245 584 2275 idern
602 2245 640 2275 de
658 2244 819 2275 Zenodoto
834 2255 904 2274 vere
919 2244 979 2274 dici
997 2254 1093 2282 posse.
1141 2243 1250 2283 Hujus
1271 2242 1355 2272 enim
1372 2242 1537 2280 disciplina
1552 2255 1629 2274 nus-

133 2298 227 2328 quam
246 2288 398 2323 laudatur‚
415 2299 472 2318 nec
488 2289 652 2328 quisquam
679 2286 846 2322 Ζηνοδότειος
863 2287 988 2326 proprio
1011 2287 1148 2322 nomine,
1168 2286 1227 2316 nisi
1251 2286 1330 2316 forte
1346 2287 1407 2316 huc
1423 2286 1539 2316 referre
1553 2287 1630 2318 velis

132 2331 295 2371 aliquoties
309 2331 342 2360 in
363 2331 494 2361 Scholiis
515 2331 614 2362 dictos
630 2331 693 2365 τοὺς
712 2332 774 2372 περὶ
802 2331 957 2365 Ζηνόδοτον,
981 2336 1017 2360 ut
1034 2332 1066 2362 η’.
1083 2333 1155 2360 452.
1179 2331 1206 2360 ί.
1225 2333 1274 2359 86.
1321 2329 1384 2359 Sed
1407 2330 1474 2359 haec
1493 2329 1630 2360 formula

132 2374 283 2414 loquendi
307 2375 410 2414 potius
433 2375 669 2413 adstipulatores
690 2373 845 2414 significat
867 2384 961 2414 quam
985 2380 1157 2403 sectatores.
1206 2372 1276 2402 Hos
1299 2371 1491 2411 appellarent
1516 2373 1630 2404 Scholl.

134 2418 197 2452 τοὺς
215 2419 274 2448 ἀπὸ
291 2417 448 2452 Ζηνοδὲτου,
465 2417 545 2447 sicut
561 2419 624 2451 τοὺς
646 2419 700 2448 ἆτ’
715 2419 918 2461 Ἀριστάρχου,
935 2418 1154 2451 Aristar-cliens,
1171 2426 1193 2445 s.
1213 2422 1249 2445 ut
1265 2416 1367 2446 Varro
1383 2415 1480 2451 vertit,
1493 2417 1530 2445 ab
1542 2419 1631 2447 Aris-

133 2463 237 2492 tarcho
255 2463 486 2496 Grammaticos,
504 2461 567 2494 τοὺς
584 2461 644 2491 oia-b
662 2462 808 2503 Κράτητος
826 2465 883 2490 etc.
928 2462 1014 2490 Ante
1032 2459 1275 2498 Aristophanem
1291 2465 1396 2489 tamen
1424 2460 1482 2489 hoc
1498 2458 1630 2489 docendi

135 2504 313 2534 institutum
347 2503 443 2534 videri
477 2510 578 2542 potest
604 2503 755 2543 placuisse
783 2503 984 2539 Callimacho,
1012 2513 1107 2543 quem
1139 2503 1244 2540 ipsum
1269 2512 1394 2542 quoque
1420 2502 1474 2532 ille
1502 2502 1630 2533 audivit.

136 2547 261 2586 Quippe
285 2549 484 2579 Callinmclzci
498 2547 703 2577 nominantur
718 2546 802 2585 apud
820 2547 1011 2576 Athenaeum
1029 2545 1227 2584 Hermippus
1243 2552 1273 2575 et
1291 2545 1399 2579 Istrus,
1417 2545 1499 2575 idem
1519 2546 1629 2583 Istrus,

136 2595 172 2620 ut
187 2591 305 2628 opinor,
323 2591 412 2630 cujus
427 2590 490 2620 duo
513 2600 631 2620 errores
647 2590 826 2620 refutantur
848 2590 879 2619 in
895 2596 1012 2627 septem
1035 2588 1111 2618 locis
1135 2588 1258 2623 Scholi..
1282 2587 1323 2618 ad
1345 2592 1382 2625 β’.
1401 2592 1469 2619 110.
1493 2590 1532 2619 9‘.
1557 2593 1629 2619 491.

137 2639 175 2663 κ’.
190 2636 262 2664 298.
276 2637 348 2664 459.
365 2636 391 2663 ν’.
407 2638 480 2664 629.
497 2635 526 2664 α’.
546 2637 617 2663 250.
634 2636 669 2663 τ’.
685 2636 736 2662 34.
782 2632 887 2672 Ipsius
911 2631 1098 2663 Callimachi
1113 2635 1156 2662 50
1171 2631 1246 2661 locis
1261 2631 1377 2662 laudati
1395 2631 1471 2661 nihil
1487 2631 1629 2666 occurrit,

136 2675 220 2716 quod
235 2677 356 2715 proprie
370 2677 519 2715 scriptum
535 2676 575 2706 sit
586 2676 624 2706 ad
640 2676 763 2706 emend.
778 2682 832 2706 aut
847 2677 973 2714 interpr.
998 2675 1096 2705 Hom.
1141 2675 1192 2705 Ex
1214 2674 1277 2705 alio
1299 2674 1383 2705 enim
1408 2684 1522 2714 genere
1546 2681 1630 2709 sunt,

136 2718 192 2749 etsi
209 2724 339 2759 utroque
353 2720 548 2758 pertinentia,
566 2719 604 2749 ad
623 2719 720 2750 Catal.
735 2723 809 2749 532.
834 2725 865 2749 et
879 2718 919 2749 ad
936 2717 1047 2758 odyss.
1071 2717 1103 2749 δ’.
1121 2721 1147 2748 l.
1170 2727 1218 2757 ap.
1234 2728 1336 2748 unum
1360 2718 1502 2748 Eustath.
1521 2717 1572 2746 cui
1586 2717 1629 2747 cf.

137 2761 286 2801 Apollon.
302 2762 376 2792 Lex.
393 2773 419 2792 v.
436 2763 611 2796 κητώεσσαν.

177 2814 195 2834 c
218 2804 301 2835 Vide
317 2805 437 2836 Meum.
454 2806 534 2836 Bibl.
553 2806 607 2836 Gr.
624 2816 652 2844 p.
672 2808 761 2836 1254.
785 2805 823 2836 Τ.
841 2805 882 2835 Χ.
897 2804 990 2834 Thes.
1017 2805 1114 2835 Gron.
1161 2804 1223 2835 Sed
1241 2803 1373 2834 Meursii
1400 2808 1431 2833 et
1445 2809 1628 2832 caeterorum

136 2847 322 2878 industriam
338 2849 422 2878 brevi
437 2849 593 2889 superabit
608 2848 719 2880 doctus
735 2848 871 2890 juvenis,
889 2847 1070 2885 Bredovius,
1090 2848 1123 2879 in
1141 2848 1319 2880 Comment.
1334 2846 1375 2877 de
1388 2846 1450 2876 vita
1465 2852 1496 2876 et
1511 2844 1630 2885 scripti·

135 2891 230 2933 hujus
246 2891 474 2932 Aristophanis.
508 2893 512 2897 “
