1856 3235
208 242 302 281 230
696 231 1250 282 PROLEGOMENA.

858 428 1052 476 XXXI.

277 557 494 606 Fuelunt
519 558 775 622 aliquando
798 557 1092 621 philosophi,
1129 559 1210 621 qui
1234 558 1359 606 hanc
1384 558 1600 607 omnium
1623 577 1695 609 re-

217 640 323 670 ium
368 641 423 671 ac
458 640 713 688 cmporum
759 639 1043 687 compagem
1089 630 1139 670 et
1189 623 1552 672 universitatem
1597 642 1696 674 non

215 697 381 737 mente
418 690 713 752 numineque
750 689 915 735 divino
930 662 1153 745 t>factam,
1195 688 1280 735 sed
1318 688 1445 736 forte
1490 698 1540 737 et
1586 708 1700 739 casu

222 762 386 802 natam
411 763 556 818 atque
577 762 857 801 concretam
881 770 986 801 esse
1011 760 1297 800 statuerent.
1366 753 1478 801 Non
1515 764 1701 830 metuo,

215 836 277 868 ne
303 821 408 883 quis
433 837 509 867 me
547 819 711 866 similis
743 819 1030 866 temeritatis
1054 826 1268 875 accuset,
1312 834 1461 881 quum
1485 821 1702 884 vestigiis

217 886 489 934 artificiosae
525 885 770 948 compagis
795 893 845 931 et
868 884 970 931 aliis
1004 885 1232 947 gravibus
1274 884 1430 931 causis
1467 885 1699 944 adducar,

219 960 277 999 ut
304 950 575 998 Homerum
600 967 699 997 non
745 951 1080 997 universorum
1122 949 1256 1013 quasi
1292 966 1551 1013 corporum
1593 968 1702 1000 suo-

216 1033 324 1064 rum
350 1016 575 1079 opificem
617 1032 738 1072 esse,
763 1015 849 1062 sed
872 1015 999 1063 hanc
1023 1023 1176 1063 artem
1201 1023 1250 1063 et
1273 1024 1568 1063 structuram
1592 1033 1701 1081 pos-

209 1082 468 1130 terioribus
495 1081 683 1129 saeculis
707 1081 911 1127 inditam
947 1089 1131 1144 putem.
1201 1081 1378 1144 Neque
1403 1081 1532 1128 enim
1556 1081 1608 1129 id
1630 1099 1703 1131 re-

215 1156 365 1211 pente
387 1146 592 1194 fortuito
629 1145 830 1202 factum,
874 1162 1042 1193 verum
1070 1146 1334 1209 conjuncta
1367 1147 1418 1193 in
1462 1146 1557 1194 hoc
1598 1148 1703 1211 plu-

208 1213 333 1259 rium
350 1220 549 1259 aetatum
570 1211 921 1274 hominumque
940 1211 1100 1258 studia
1120 1211 1401 1274 reperimus.
1440 1211 1511 1259 Ut
1534 1221 1700 1262 autem

212 1294 282 1333 ea,
310 1293 418 1350 quae
459 1277 563 1324 fieri
588 1292 687 1323 non
727 1285 945 1350 possunt,
984 1276 1116 1323 facta
1139 1276 1339 1324 credere
1364 1276 1701 1327 stultissimum

211 1351 298 1398 est,
326 1343 395 1389 ita
420 1342 692 1390 cavendum
711 1342 856 1389 etiam
881 1341 1017 1397 illud,
1055 1358 1117 1389 ne
1143 1341 1398 1389 oculorum
1423 1349 1698 1392 nostrorum

209 1409 314 1456 acie
338 1417 525 1455 natuiae
550 1415 600 1454 et
623 1424 785 1455 rerum
810 1407 929 1454 fines
956 1407 1228 1463 metiamur,
1255 1415 1305 1454 et
1328 1407 1461 1470 quod
1486 1423 1584 1455 non
1606 1409 1699 1473 ipsi

201 1473 304 1520 fieri
326 1473 601 1528 viderimus,
622 1473 672 1520 id
687 1473 790 1520 fie1i
805 1473 1004 1520 omnino
1021 1489 1121 1520 non
1136 1489 1276 1536 posse
1296 1473 1565 1536 opinemur.
1603 1473 1701 1523 Sed

207 1539 512 1603 pergendum
539 1546 611 1586 est
630 1539 768 1586 nobis
792 1538 854 1585 ad
878 1538 1082 1586 alterum
1101 1554 1256 1601 genus
1280 1546 1695 1601 argumentorum,

206 1622 267 1653 ex
285 1622 398 1668 quo,
415 1604 601 1651 etiamsi
626 1603 811 1667 reliqua
835 1604 996 1651 omnia
1014 1603 1321 1661 tollerentur,
1337 1603 1694 1667 inexplicabilis

208 1670 449 1717 dubitatio
484 1678 764 1717 nasceretur
790 1670 850 1716 de
874 1670 1101 1716 universa
1122 1667 1277 1715 torma
1310 1668 1485 1716 horum
1511 1669 1694 1718 Carmi-

202 1751 332 1782 num.
375 1735 463 1782 Est
482 1753 538 1782 ea
555 1751 703 1791 nunc,
719 1735 893 1798 inquit,
914 1734 1036 1790 talis,
1057 1743 1112 1781 ut
1131 1751 1222 1782 nec
1238 1733 1418 1782 addere
1433 1734 1698 1799 quidquam

204 1817 297 1848 nec
323 1801 518 1849 demere
543 1800 683 1848 salvis
721 1800 912 1864 legibus
937 1799 1193 1863 elegantiae
1215 1799 1377 1847 liceat.
1428 1799 1611 1857 Audio,
1645 1809 1697 1850 et

202 1883 264 1914 ex
288 1874 424 1929 palte
464 1866 607 1929 plane
630 1866 789 1922 video,
834 1839 1043 1929 illisque²³
1049 1867 1366 1918 διασκευασταῑς
1388 1864 1546 1913 habeo
1584 1883 1691 1930 gra-

200 1932 333 1979 tiam.
404 1931 476 1979 At
520 1948 684 1979 nonne
722 1931 944 1979 omnibus
991 1932 1084 1978 erit
1123 1929 1450 1988 manifestum,
1497 1948 1579 1978 eos
1619 1932 1694 1981 his

200 1997 425 2061 opeiibus
473 1996 833 2045 conformandis
884 1997 1128 2060 piwopiiam
1185 2004 1338 2043 altem
1394 1996 1687 2054 adhibuisse,

200 2079 350 2127 quum
398 2062 781 2110 demonstratum
821 2062 986 2118 fuerit,
1032 2063 1083 2109 in
1124 2068 1331 2125 utroque
1368 2078 1467 2109 non
1526 2063 1691 2122 modo,

200 2129 331 2192 quod
350 2137 462 2176 ante
487 2128 816 2184 ostendebam,
842 2127 1105 2192 particulas
1129 2127 1379 2191 quasdam,
1429 2127 1516 2175 sed
1560 2135 1688 2176 totas

200 2194 479 2257 rhapsodias
493 2195 667 2251 inesse,
681 2209 790 2257 quae
800 2193 1114 2241 Homerinon
1124 2200 1253 2250 sunt,
1268 2193 1320 2240 id
1335 2200 1409 2241 est
1422 2193 1543 2257 ejus,
1555 2210 1585 2241 a
1597 2211 1694 2258 quo

201 2258 351 2322 major
369 2276 477 2323 pars
502 2267 552 2308 et
574 2259 789 2323 priorum
813 2259 1178 2323 rhapsodiarum
1198 2258 1342 2306 series
1361 2259 1576 2307 deducta
1589 2265 1692 2308 est?

266 2327 471 2373 Constat
498 2325 601 2389 jam
638 2324 753 2372 olim
791 2325 1068 2373 dubitatum
1107 2340 1210 2372 esse
1251 2325 1310 2372 ab
1353 2324 1684 2388 Aristophane

199 2389 314 2454 Byz.
339 2399 388 2438 et
414 2390 717 2447 Aristarcho,
741 2407 840 2438 non
855 2390 996 2437 nimis
1020 2390 1285 2438 audacibus
1307 2389 1360 2436 in
1383 2389 1478 2438 hoc
1500 2407 1685 2454 genere

201 2455 411 2513 Criticis‚
455 2456 516 2504 de
556 2456 848 2504 auctoritate
888 2463 1219 2504 extremorum
1261 2455 1496 2520 Odysseae
1519 2455 1636 2504 inde
1660 2473 1689 2504 a

195 2586 321 2629 quidem
337 2587 370 2617 in
385 2587 434 2617 his
449 2588 542 2617 rebus
554 2586 649 2617 aliam
665 2587 793 2622 famam,
808 2593 864 2618 aut
878 2587 961 2618 idem
978 2587 1010 2618 in
1020 2586 1148 2618 diversis
1162 2586 1283 2625 scriptis
1298 2585 1451 2617 diversam
1473 2586 1559 2627 sequi
1575 2593 1685 2626 potest,

195 2641 259 2661 non
275 2630 359 2661 idem
375 2630 406 2660 in
423 2629 532 2660 eadem
549 2630 677 2665 variare,
699 2637 731 2660 et
744 2630 872 2670 quidem
894 2631 979 2661 brevi
1002 2630 1165 2660 intervallo
1186 2629 1281 2659 unius
1303 2629 1413 2668 operis.
1458 2629 1606 2670 Denique
1621 2630 1683 2661 tale

192 2673 270 2714 quid
286 2672 426 2703 excidere
441 2679 541 2712 potest
555 2673 719 2703 recentiori
735 2673 840 2711 po'c‘tae,
857 2673 978 2704 fabulas
992 2683 1120 2713 operose
1135 2672 1303 2712 colligenti,
1322 2682 1385 2703 non
1401 2671 1491 2712 ἀοιδῷ,
1507 2673 1560 2712 qui
1576 2672 1610 2703 in
1627 2673 1687 2704 hac

193 2717 335 2747 doctrina
360 2715 486 2746 habitat.
532 2716 650 2746 Melius
665 2721 746 2746 certe
771 2717 845 2746 olim
870 2716 997 2756 quidam
1021 2722 1190 2756 utrumque
1213 2725 1334 2745 versum
1358 2716 1589 2755 emungebant,
1611 2725 1684 2756 quae

191 2759 372 2790 brevissima
395 2769 469 2789 sane
484 2758 534 2789 via
548 2765 594 2789 est
608 2759 648 2789 ad
673 2769 800 2789 omnem
823 2759 1063 2798 discrepantiam
1090 2765 1121 2788 et
1135 2758 1350 2788 difficultatem
1373 2758 1554 2789 tollendam.
1600 2758 1683 2789 Aliis

191 2812 264 2832 vero
280 2802 356 2832 locis
380 2801 450 2832 illos
463 2802 527 2832 sive
542 2802 663 2832 incuria
679 2801 742 2831 sive
757 2812 850 2840 prava
875 2802 986 2843 religio
1001 2801 1158 2836 deterruit,
1181 2810 1243 2840 quo
1268 2801 1375 2830 minus
1396 2800 1504 2831 omnia
1525 2800 1681 2842 ejicerent,

189 2855 260 2885 quae
276 2855 379 2876 rerum
396 2855 552 2875 summam
568 2851 600 2875 et
613 2844 797 2885 aequabilem
813 2850 953 2875 tenorem
969 2846 1139 2875 tur-barent
1166 2843 1240 2893 ‘Ut
1256 2853 1296 2874 ne
1311 2843 1373 2874 alia
1395 2853 1481 2874 nunc
1502 2853 1682 2884 congeram

617 2887 879 2897 ......

187 2931 262 2965 istis,
279 2932 369 2973 cujus
383 2941 477 2963 causa
490 2931 610 2962 nemini
625 2937 734 2962 auctor
746 2930 814 2967 sim,
832 2936 868 2962 ut
881 2930 987 2962 denuo
1001 2931 1137 2971 longum
1150 2931 1209 2961 iter
1222 2929 1377 2970 suscipiat.
