1856 3235
661 198 1225 248 PROLEGOMENA.
1607 212 1692 253 191

207 338 487 386 Carminum
512 351 675 383 carere
698 334 779 381 vix
802 340 1012 397 possent.
1081 334 1311 397 Denique
1335 335 1386 382 in
1407 353 1463 384 ea
1481 338 1693 396 civitate,

205 421 314 468 quae
337 402 586 464 antiquum
611 399 923 463 alphabetum
949 399 1217 447 diutissime
1241 401 1455 450 retinuit.
1494 404 1693 469 Olymp.

206 467 450 516 XXXIX.
476 466 633 512 minor
669 481 899 512 numerus
934 465 1183 513 literarum
1225 466 1415 515 suffecit
1457 469 1699 519 Draconis

204 535 391 598 legibus
432 531 690 595 ponendis.
775 531 963 587 Quidni
1009 531 1139 579 idem
1182 548 1414 580 numerus
1455 535 1700 585 suffecerit

207 598 423 646 maximis
459 596 800 653 voluminibus,
839 597 877 644 si
900 597 1048 645 modo
1078 614 1135 645 ea
1157 605 1262 645 tum
1286 598 1463 647 usitata
1486 599 1699 658 fuerunt,

206 666 304 712 sive
329 680 389 711 ex
412 663 635 727 pellibus,
673 663 775 710 sive
801 680 861 711 ex
886 680 1071 728 papyro
1096 663 1364 728 AEgyptia?
1401 665 1465 712 Et
1493 665 1596 729 jam
1621 668 1702 715 ali-

202 737 321 794 quot
344 729 481 776 annis
505 737 619 776 ante
644 729 885 776 Draconis
917 730 1253 794 magistratum
1276 731 1517 779 beneficio
1543 733 1704 781 Psam-

202 795 402 843 metichi
438 794 688 859 AEgyptus
729 794 976 857 patefacta
1016 803 1120 843 erat
1166 797 1471 844 commerciis
1509 798 1702 856 Ionum,

203 868 259 908 ut
297 860 583 908 facultatem
613 861 783 924 papyri
821 860 1000 908 habere
1039 861 1306 924 potuerint.
1378 863 1472 910 Cui
1511 864 1705 929 conjec-

205 934 330 974 turae
353 943 416 974 ne
440 926 672 974 historica
695 926 816 973 fides
841 926 1048 984 deesset,
1086 944 1229 990 quam
1253 928 1419 991 paucis
1459 931 1617 978 verbis
1659 948 1707 979 o-

201 1010 292 1057 pus
332 992 504 1040 fuisset
560 991 836 1048 Herodoto,
889 992 980 1040 nisi
1032 992 1220 1041 Graecis
1262 994 1532 1058 scripsisset
1573 996 1704 1045 solis!

204 1059 355 1107 Nunc
379 1059 430 1105 in
453 1058 620 1123 primis
643 1058 848 1106 molesta
873 1066 946 1106 est
970 1059 1240 1107 obscuritas
1276 1059 1483 1108 duorum
1509 1063 1708 1111 saeculo-

204 1141 327 1181 rum,
365 1124 528 1172 octavi
554 1132 604 1172 et
628 1124 824 1188 septimi
848 1132 960 1171 ante
992 1125 1125 1182 Chr„
1161 1126 1212 1172 in
1251 1126 1424 1190 quibus
1465 1127 1547 1175 illa
1585 1146 1707 1193 gens

205 1190 446 1254 igniculos
471 1190 769 1254 politissimae
791 1190 1107 1238 humanitatis
1143 1191 1327 1239 dudum
1369 1202 1619 1258 susceptos
1661 1212 1708 1244 e-

205 1256 374 1320 gregie
397 1255 616 1319 protulit,
655 1264 706 1304 et
729 1256 793 1303 ad
817 1273 1011 1304 omnem
1054 1257 1398 1306 excellentiam
1423 1260 1599 1308 artium
1625 1262 1706 1309 ad-

200 1322 442 1369 mirabiles
465 1339 748 1386 progressus
772 1321 905 1370 fecit.
976 1323 1120 1380 Nam,
1158 1340 1221 1372 ne
1260 1324 1322 1372 de
1359 1324 1462 1372 aliis
1487 1326 1707 1390 plurimis

206 1388 440 1436 institutis
466 1388 640 1444 dicam,
678 1405 882 1452 quorum
910 1389 1092 1436 semina
1115 1391 1165 1436 in
1189 1390 1292 1437 istis
1325 1392 1539 1439 tenebris
1570 1392 1708 1456 jacta

202 1463 329 1510 sunt,
366 1454 417 1500 in
441 1453 522 1500 illa
545 1454 754 1502 maxime
779 1454 970 1511 saecula‚
1009 1472 1037 1502 a
1066 1455 1446 1505 Lacedaemonio
1472 1457 1706 1523 Lycurgo

200 1520 433 1583 proxima,
471 1520 585 1567 artis
611 1520 878 1584 scriptoriae
918 1521 1125 1584 primum
1168 1523 1506 1571 notabiliorem
1548 1526 1705 1588 publi-

200 1602 313 1633 cum
337 1602 477 1632 usum
503 1593 553 1633 et
575 1585 704 1633 ultra
727 1586 1069 1650 inscriptiones
1110 1604 1419 1652 progressum
1460 1591 1706 1648 incidisse,

203 1659 309 1699 tum
334 1651 599 1716 conjectari
624 1668 723 1699 non
747 1660 949 1709 temere,
986 1660 1092 1701 tum
1132 1670 1193 1702 ex
1217 1655 1465 1703 nonnullis
1489 1657 1709 1721 vestigiis

202 1717 415 1766 historiae
437 1718 506 1765 ita
528 1717 736 1782 intelligi
759 1718 894 1777 licet,
932 1726 988 1767 ut
1012 1720 1283 1785 perspicuis
1306 1721 1597 1771 testimoniis
1623 1723 1708 1770 mi-

205 1799 297 1832 nus
320 1800 449 1848 aegre
474 1801 734 1833 careamus.

870 2007 1040 2056 XVII.

277 2160 374 2209 Sed
390 2161 496 2210 haec
514 2161 618 2226 ipsa
634 2161 842 2227 vestigia
859 2162 1075 2212 historiae
1099 2172 1326 2229 arguunt,
1361 2167 1490 2214 inter
1508 2166 1590 2214 illa
1624 2184 1710 2232 pu-

210 2225 325 2275 blici
350 2243 464 2275 usus
497 2227 636 2275 initia
670 2235 720 2277 et
747 2228 999 2294 vulgarem
1036 2232 1443 2281 consuetudinem
1469 2234 1714 2282 scribendi

207 2292 540 2357 librorumque
600 2294 1016 2343 conficiendorum
1071 2314 1238 2345 curam
1286 2298 1441 2348 multo
1498 2300 1708 2364 longius,

210 2376 354 2423 quam
378 2375 512 2408 nunc
552 2361 804 2426 quisquam
830 2362 1093 2420 existimet,
1136 2364 1446 2413 intervallum
1487 2366 1714 2431 interjec-

207 2432 313 2473 tum
349 2423 512 2474 fuisse.
585 2425 686 2475 Hic
710 2427 918 2491 primum
960 2430 1159 2477 maximi
1185 2433 1422 2479 momenti
1465 2440 1553 2489 est,
1581 2433 1714 2497 quod

204 2491 393 2538 nullum
428 2508 630 2556 usquam
654 2492 903 2541 literarum
925 2512 985 2543 ex
1003 2496 1097 2544 isto
1120 2514 1302 2560 genere
1338 2508 1714 2547 monumentum

212 2566 622 2606 commemoratur
647 2558 895 2624 Lycurgei
920 2569 1005 2609 aut
1033 2563 1253 2626 proxime
1279 2564 1579 2629 insequentis
1604 2566 1710 2621 aevi,

210 2638 310 2670 non
334 2623 552 2688 epistola,
580 2641 680 2673 non
702 2629 892 2689 poema,
919 2643 1019 2675 non
1060 2628 1185 2677 liber
1209 2629 1351 2687 ullus,
1380 2630 1519 2695 cujus
1552 2647 1712 2679 exem-

210 2687 345 2752 plum
371 2689 448 2738 vel
490 2699 625 2740 certe
650 2692 825 2739 notitia
866 2694 1077 2758 exempli
1112 2695 1174 2742 ad
1215 2697 1508 2760 posteriores
1546 2705 1714 2745 aetates

209 2757 501 2819 pervenerit.
589 2758 696 2806 Nisi
740 2757 870 2806 forte
908 2759 1110 2819 fabulas,
1155 2761 1216 2809 de
1257 2764 1431 2827 quibus
1475 2766 1520 2824 g.
1563 2762 1713 2810 XIII.

210 2819 327 2878 dixi,
357 2823 525 2872 audire
548 2823 788 2881 volumus,
817 2842 997 2890 eosque
1022 2828 1303 2892 scriptores,
1327 2829 1410 2892 qui
1434 2829 1615 2892 priscas
1639 2846 1714 2877 res

209 2887 272 2936 ad
295 2903 402 2937 suas
428 2890 809 2941 consuetudines
833 2899 980 2957 atque
1004 2893 1261 2947 libidinem
1282 2895 1493 2959 fingunt,
1511 2911 1715 2959 quorum
