1856 3235
204 227 299 266 180
690 215 1248 268 PROLEGOMENA.

202 364 311 396 rum
335 346 510 395 artium
549 345 832 423 originibus.
902 349 1067 405 Quota
1100 349 1231 397 enim
1266 362 1471 414 quaeque
1496 364 1570 397 ars
1595 358 1684 408 est,

201 413 282 462 vel
306 429 367 461 ex
391 413 462 469 iis,
490 429 598 487 quae
620 430 777 488 nuper
800 415 832 461 1.
858 431 899 462 e.
926 423 1038 462 ante
1073 415 1257 477 aliquot
1281 414 1458 462 saecula
1480 423 1687 478 repertae

204 486 334 535 sunt,
362 478 499 542 cujus
522 479 664 526 initia
685 487 734 527 et
757 480 1059 528 incrementa
1083 497 1110 527 a
1131 480 1271 527 bonis
1295 481 1575 528 auctoribus
1593 488 1688 528 tes-

203 552 307 592 tata
327 544 574 608 legamus?
609 544 766 608 Atqui
789 544 944 592 multo
974 545 1114 608 plura
1145 553 1287 593 vetus
1310 545 1392 592 illa
1414 553 1531 593 aetas
1553 545 1689 594 nasci

204 610 329 658 vidit
350 609 698 674 paullatimque
721 610 986 672 vigescere,
1013 625 1220 673 quorum
1237 610 1406 658 tenuia
1426 610 1692 674 primordia

202 675 348 740 pauci
373 676 698 731 observarent,
720 674 982 722 utilitatem
1000 675 1130 739 apud
1153 683 1372 738 posteros
1390 691 1535 723 nemo
1554 692 1692 723 cura-

202 749 294 790 ret.
364 740 480 788 Sero
504 748 667 788 autem
689 756 811 814 gens
835 740 1002 787 adulta
1024 740 1239 804 respexit
1269 740 1567 788 incunabula
1589 757 1691 798 sua,

203 823 356 870 quum
380 806 611 853 memoria
627 806 890 869 primarum
908 806 1248 854 inventionum
1265 805 1415 869 longo
1432 806 1692 854 intervallo

202 874 461 920 obscurata
485 888 541 919 ac
568 871 748 918 dissoni
772 887 989 920 rumores
1012 871 1155 920 variis
1190 871 1500 935 opinionibus
1536 880 1586 919 et
1609 886 1694 919 no-

202 937 276 986 vis
298 936 473 985 fabulis
495 936 660 984 locum
685 938 974 1000 praeberent,
1001 953 1094 985 nec
1130 937 1441 985 adhiberetur
1464 937 1523 985 ab
1545 936 1696 984 histo-

203 1003 318 1051 ricis
341 1002 447 1050 haec
489 1002 700 1050 sollertia
732 1002 1122 1076 philosophandi,
1158 1019 1253 1067 qua
1275 1019 1363 1050 nos
1398 1002 1584 1066 ingenii
1606 1002 1695 1049 hu-

204 1068 336 1116 mani
361 1068 412 1114 in
436 1069 580 1115 rebus
603 1067 908 1115 inveniendis
945 1085 1227 1132 progressus
1252 1075 1303 1115 et
1325 1083 1599 1116 mensuram
1624 1068 1697 1114 in-

206 1133 504 1197 dagavimus,
529 1140 788 1196 postquam
813 1134 981 1181 orbem
1003 1141 1147 1181 terrae
1170 1133 1315 1181 latius
1353 1133 1695 1195 circumspice-

203 1215 272 1255 re,
300 1205 446 1262 atque
470 1198 682 1260 plurium
722 1198 1030 1261 populorum,
1068 1198 1211 1246 simili
1247 1197 1385 1246 cultu
1419 1198 1533 1246 vitae
1556 1206 1697 1245 uten-

204 1264 344 1319 tium,
370 1263 564 1311 habitus
600 1272 650 1310 et
685 1263 1066 1311 consuetudines
1103 1279 1381 1327 comparare
1418 1262 1695 1311 didicimus.

206 1329 405 1393 Quippe
428 1345 555 1376 nova
577 1328 684 1376 haec
707 1328 793 1375 lux
814 1337 887 1376 est
904 1336 1177 1377 nostrorum
1195 1337 1486 1393 temporum,
1509 1327 1699 1377 Graecis

204 1403 384 1458 negata
407 1403 491 1442 aut
515 1394 759 1442 incuriose
782 1394 958 1442 habita.
1252 1448 1255 1450 v

274 1460 371 1508 Sed
396 1459 663 1507 commodis
687 1459 832 1523 hujus
854 1460 978 1507 lucis
1017 1476 1287 1523 perpaucos
1323 1475 1488 1507 eorum
1512 1458 1610 1506 frui
1631 1459 1701 1507 vi-

206 1527 381 1582 dimus,
420 1525 503 1589 qui
528 1525 719 1573 erudite
743 1525 852 1573 loca
885 1533 1109 1572 veterum
1135 1525 1196 1572 de
1237 1525 1515 1572 auctoribus
1540 1524 1701 1587 alpha-

206 1592 309 1640 beti
351 1591 516 1639 Graeci
557 1590 878 1654 collegelunt.
951 1591 1065 1646 Quo
1100 1589 1287 1639 factum
1315 1598 1402 1646 est,
1445 1598 1501 1637 ut
1534 1588 1701 1637 multis

206 1658 270 1705 de
294 1657 437 1704 rebus
460 1656 588 1704 inter
612 1672 663 1704 se
683 1656 996 1703 dissentilent
1018 1655 1108 1703 viri
1139 1655 1423 1719 gravissimi,
1451 1662 1501 1703 et
1524 1655 1700 1718 partim

207 1722 474 1770 sententias
512 1738 685 1785 parum
725 1721 998 1785 probabiles
1023 1728 1358 1784 sequerentur
1428 1721 1556 1768 Nam
1590 1727 1702 1784 post

204 1787 452 1853 principes
475 1787 687 1851 vulgaris
702 1786 974 1843 sententiae,
1003 1787 1303 1850 Scaligerum
1329 1794 1379 1834 et
1398 1786 1698 1842 Salmasium,

207 1871 308 1902 non
334 1852 614 1909 defuerunt,
641 1852 723 1916 qui
747 1853 896 1900 etiam
936 1852 1185 1916 aliquanto
1209 1860 1322 1900 ante
1346 1851 1588 1900 Cadmum
1614 1851 1701 1899 Pe-

206 1920 454 1983 lasgorum
495 1918 647 1966 caseis
686 1918 918 1982 gregibus
958 1925 1057 1965 tam
1092 1917 1427 1974 necessariam,
1466 1926 1523 1965 ut
1562 1924 1701 1981 puta-

207 1986 342 2040 bant,
386 1992 538 2031 artem
579 1984 875 2042 tribuerent3
931 1999 1084 2057 eaque
1125 1983 1291 2047 opinio
1330 1999 1464 2030 nunc
1506 1999 1701 2045 quoque

208 2050 374 2098 multis
397 2066 454 2113 pl
458 2051 630 2097 obatur
654 2058 705 2096 et
728 2049 917 2097 eximiis
940 2049 1056 2096 viris
1071 2058 1105 2092 ³.
1175 2048 1395 2095 Maxime
1411 2056 1576 2095 autem
1599 2047 1703 2095 vul-

210 2133 275 2179 go
299 2114 570 2162 falluntur
558 2131 608 2161 1n
632 2131 706 2170 eo,
735 2114 880 2188 quod,
908 2130 1007 2177 quo
1032 2122 1253 2178 tempore
1285 2114 1497 2177 piimum
1539 2113 1701 2161 literas

210 2181 402 2229 Graecis
425 2180 592 2227 allatas
615 2180 871 2228 memorari
895 2180 1079 2235 vident,
1108 2179 1280 2227 eodem
1315 2187 1534 2243 tempore
1559 2178 1703 2226 simul

209 2263 351 2294 usum
377 2263 541 2293 earum
566 2261 735 2293 omnes
760 2245 970 2293 Graeciae
993 2243 1114 2292 fines
1147 2253 1470 2308 pervagatum
1494 2260 1612 2300 esse,
1651 2251 1702 2292 et

209 2313 342 2359 libris
383 2311 650 2371 scribendis
692 2311 998 2359 occasionem
1040 2310 1235 2374 dedisse,
1278 2309 1580 2368 existimant3
1641 2309 1703 2357 de

211 2375 562 2425 mutatio‘nibus
586 2384 637 2424 et
672 2376 916 2440 gradibus,
956 2393 1042 2440 per
1078 2392 1199 2439 quos
1233 2375 1330 2423 tale
1352 2375 1607 2423 inventum
1642 2375 1701 2423 ab

209 2443 361 2490 initiis
384 2443 478 2490 suis
503 2442 849 2490 deducendum
880 2441 990 2498 fuit,
1017 2458 1233 2505 quaerere
1256 2441 1533 2505 negligunt.
1605 2440 1703 2487 Ita-

212 2525 307 2572 que
333 2509 393 2555 de
418 2505 608 2556 vatibus
632 2508 739 2564 illis,
768 2524 888 2571 quos
913 2508 997 2556 diu
1022 2516 1135 2556 ante
1161 2524 1210 2556 se
1233 2507 1396 2571 plures
1429 2505 1577 2554 fuisse
1600 2506 1705 2570 ipse

214 2573 461 2622 Homerus
484 2574 725 2638 perhibet,
752 2590 814 2622 ne
852 2574 1168 2637 quaerendum
1193 2572 1390 2637 quidem
1423 2579 1616 2636 putant,
1642 2587 1704 2619 an

253 2717 273 2737 a
295 2705 433 2737 Boiam-io
447 2705 480 2736 in
495 2705 625 2736 Dissert.
648 2705 813 2747 subjuncta
829 2704 1071 2738 Montefalconii
1084 2704 1268 2746 Palaeogmp
1269 2703 1330 2734 hiae
1351 2703 1416 2740 Gr.‚
1434 2701 1644 2743 Woeselingio
1659 2701 1701 2734 ad

211 2748 309 2780 Diod
328 2749 387 2780 Sic.
404 2749 444 2779 T.
461 2752 489 2779 1
504 2759 532 2788 p.
550 2753 621 2780 236.
640 2749 809 2785 Swintono‚
826 2749 993 2786 Jacksono,
1012 2749 1185 2784 Biancono,
1191 2713 1397 2782 ⁶Monboddo,
1422 2746 1701 2781 Ast1e0,Larche-

210 2802 254 2828 ro,
272 2791 348 2823 aliis.
394 2792 585 2833 Quanquam
611 2802 652 2822 ne
664 2793 820 2823 veteribus
833 2793 960 2833 quidem
984 2794 1053 2823 haec
1068 2792 1177 2832 opinio
1192 2791 1301 2832 ignota
1323 2790 1423 2826 suits
1414 2800 1448 2820 1η
1469 2789 1583 2830 quibus
1596 2794 1705 2819 tamen

211 2835 318 2866 nullus
343 2842 451 2867 auctor
466 2842 512 2866 est
537 2835 639 2877 gravis
653 2841 683 2866 et
705 2835 846 2870 idoneus,
863 2836 917 2876 qui
944 2835 1063 2866 incolas
1092 2835 1226 2866 Graeciae
1256 2833 1379 2865 Cadmo
1404 2833 1521 2873 priores
1544 2831 1641 2862 literis
1655 2831 1705 2861 vel

210 2878 271 2908 alia
279 2879 344 2909 ulla
359 2879 480 2918 pictura
490 2889 603 2912 vocum
616 2887 690 2911 usos
703 2878 883 2921 prodiderit.
902 2879 953 2910 De
965 2878 1098 2921 singulis
1111 2878 1292 2912 auctoribus
1303 2883 1335 2909 et
1345 2876 1460 2909 fabulis
1469 2884 1625 2917 exponere
1637 2883 1701 2905 non

211 2932 243 2952 es
244 2928 256 2952 t
271 2922 405 2953 instituti
420 2923 491 2954 mei.
