1856 3235
578 230 1143 281 PROLEGOMENA.
1529 238 1623 284 277

130 368 375 433 tophanea
396 380 529 413 nunc
553 378 710 426 nuper
729 360 842 409 satis
857 362 1022 408 multis
1041 361 1332 411 lectionibus
1356 364 1572 412 innotuit
1590 368 1622 421 ²,

131 434 360 499 quoniam
394 440 558 479 tamen
594 445 759 476 earum
800 444 894 475 nec
935 428 1148 474 rationes
1190 430 1464 487 traduntur,
1508 448 1625 494 quas

131 501 234 564 ipse
259 497 487 546 attulerat
519 495 570 541 in
608 494 982 542 Commentariis
1001 495 1035 550 ¹³,
1079 510 1240 557 neque
1277 494 1455 553 fontes,
1493 497 1626 545 unde

133 583 212 614 eas
236 563 411 618 hausit,
436 567 671 624 quantum
697 561 741 608 ei
767 561 866 607 sive
891 560 1050 607 meriti
1075 560 1175 608 sive
1201 560 1358 623 culpae
1383 563 1626 625 assignan-

134 632 249 679 dum
273 629 348 684 sit,
374 627 662 690 plerumque
699 626 1049 673 incertissimus
1089 626 1272 673 haereas
1298 643 1496 674 necesse
1538 637 1625 675 est.

135 696 209 744 At
231 694 351 741 illud
376 693 515 740 nobis
537 692 681 740 facile
704 692 974 756 largientur
999 692 1151 748 docti,
1178 700 1234 739 ut
1257 693 1307 738 in
1343 692 1486 756 hujus
1513 710 1628 756 quo-

133 777 228 825 que
252 759 549 810 recensionis
573 758 859 822 fragmentis
884 758 1115 821 pleraque
1141 759 1203 805 ad
1235 759 1456 822 παράδοσιν
1481 775 1629 822 quan-

133 827 244 874 dam
270 833 320 873 et
344 825 631 888 scripturam
653 833 758 870 tum
783 823 1032 887 vulgatam
1058 824 1336 880 referamus,
1361 825 1628 888 praesertim

132 893 300 955 inepta
339 890 435 946 illa,
463 907 571 953 quae
613 907 724 937 cum
764 889 1021 936 Zenodoto
1063 899 1113 936 et
1137 890 1238 937 aliis
1280 890 1631 953 antiquioribus

133 957 413 1005 communia
430 956 619 1013 habuit,
639 972 798 1018 neque
817 955 968 1018 igitur
990 956 1174 1018 primus
1193 956 1454 1003 adscivisse
1471 957 1631 1020 putari

131 1026 342 1087 potestc.
414 1022 472 1068 In
498 1021 572 1069 his
599 1038 716 1085 ergo
740 1037 840 1068 non
865 1029 963 1068 tam
989 1020 1110 1068 illud
1133 1030 1287 1085 patet,
1313 1022 1430 1085 quid
1463 1023 1632 1086 proba-

131 1089 195 1136 rit
236 1089 340 1152 ipse
377 1096 461 1135 aut
496 1091 643 1151 poeta
680 1087 1017 1151 dignissimum
1050 1086 1301 1151 judicarit,
1329 1105 1472 1152 quam
1515 1088 1634 1152 quid

131 1171 231 1203 non
256 1154 554 1217 improbarit,
581 1153 699 1217 quid
721 1153 833 1200 loco
859 1170 956 1200 non
983 1153 1200 1201 moverit.
1261 1154 1318 1200 ln
1343 1154 1529 1202 caeteris
1554 1171 1633 1202 au-

132 1228 252 1278 tem,
277 1220 327 1266 in
369 1220 542 1283 quibus
583 1219 716 1266 nulla
741 1219 985 1283 antiquior
1021 1220 1284 1267 auctoritas
1310 1220 1522 1276 affertur,
1565 1229 1634 1267 ta-

132 1286 276 1335 metsi
318 1285 568 1349 Excerpta
593 1284 898 1333 Scholiorum
940 1286 1070 1349 apud
1094 1302 1171 1333 me
1196 1286 1394 1349 quidem
1435 1286 1634 1334 minime

134 1353 319 1400 habent
342 1351 468 1399 hanc
491 1351 656 1407 fidem,
682 1359 738 1398 ut
762 1368 819 1399 ea.
842 1351 904 1398 ad
928 1350 1232 1416 diligentiam
1258 1361 1499 1400 accuratae
1534 1369 1636 1400 ora-

135 1419 282 1466 tionis
304 1418 613 1481 interpretari
638 1426 722 1465 aut
747 1435 807 1465 ex
832 1417 1002 1481 quovis
1027 1417 1219 1465 silentio
1255 1418 1437 1482 aliquid
1463 1426 1636 1466 extun-

138 1484 254 1532 dere
289 1483 519 1542 audeam3
559 1483 645 1530 sed
668 1484 718 1530 in
746 1483 935 1531 caeteris
959 1491 1138 1540 tamen,
1167 1501 1275 1548 quae
1317 1485 1637 1548 Aristophani

137 1550 332 1614 proprie
358 1549 653 1607 tribuuntur,
699 1549 929 1613 majorem
966 1549 1238 1597 doctrinam
1265 1558 1315 1598 et
1350 1551 1636 1598 modestiam

137 1616 282 1664 facile
328 1615 653 1679 agnoscimus.
748 1617 828 1663 Ac
873 1616 1184 1678 reperiuntur
1230 1617 1279 1663 in
1328 1634 1386 1664 eo
1433 1634 1637 1665 numero

138 1682 291 1746 plura,
319 1697 428 1745 quae
451 1681 626 1744 partim
652 1698 750 1728 non
776 1681 1042 1745 rejicienda
1077 1681 1365 1730 Aristarcho
1400 1684 1500 1730 visa
1524 1684 1635 1740 sint,

138 1747 330 1812 partim,
357 1746 435 1794 vel
459 1747 616 1794 invito
641 1747 751 1804 hoc,
781 1749 839 1795 ab
858 1748 1226 1810 insequentibus
1247 1748 1442 1796 Criticis
1466 1750 1517 1796 in
1535 1750 1639 1797 vul-

138 1822 308 1878 gatum
354 1820 547 1861 textum
594 1823 793 1878 recepta
811 1811 844 1860 d.
931 1813 1045 1860 Alia
1085 1822 1268 1873 autem,
1309 1832 1417 1879 qua:
1459 1816 1637 1865 deinde

180 1959 200 1978 a
219 1949 255 1978 ‘H
278 1948 498 1990 Ἀριστοφάνειος
525 1946 678 1990 Σιέξθωσις,
706 1948 722 1979 ἧ
751 1948 833 1977 κατὰ
855 1948 1053 1990 Ἀριστοφάνη.
1099 1949 1185 1979 Eum
1209 1956 1379 1990 utrumque
1404 1951 1540 1981 Carmen
1556 1962 1640 1983 com-

138 1991 261 2030 plexam
278 2001 352 2026 esse,
369 2001 406 2020 ex
423 1992 579 2020 Athenaeo
595 1997 626 2020 et
643 1990 809 2020 Eustathio
833 1991 907 2020 satis
930 1991 1128 2031 intelligitur.
1175 1992 1234 2022 Sed
1258 2004 1332 2023 cave
1354 2000 1452 2032 puteS,
1475 2006 1544 2024 cam
1561 1995 1640 2026 inte-

139 2044 229 2074 gram
245 2034 364 2064 venisse
379 2033 411 2063 in
428 2044 542 2063 manus
566 2033 854 2063 Grammaticorum
880 2040 1068 2064 nostrorum.
1115 2035 1145 2064 Ii
1164 2036 1248 2065 enim
1266 2037 1315 2066 hic
1339 2047 1464 2077 quoque
1486 2039 1518 2068 in
1535 2039 1642 2069 lectio-

141 2076 320 2107 nibusinde
333 2077 485 2115 excerptis
500 2076 653 2106 vocabulo
668 2077 737 2115 φασὶ
762 2082 902 2111 utuntur,
922 2077 997 2107 alibi
1019 2083 1176 2107 auctorem
1201 2089 1294 2109 suum
1321 2080 1457 2118 produnt
1482 2081 1641 2112 Callistra-

141 2126 220 2155 tum,
250 2120 469 2158 Aristophanis
487 2120 688 2158 discipulum.
734 2119 800 2149 Hic
823 2120 921 2160 igitur
943 2121 1091 2151 lectiones
1113 2122 1253 2161 magistri
1278 2123 1326 2152 sui
1342 2123 1389 2153 vel
1406 2125 1470 2162 ipse
1485 2132 1643 2165 receperat

140 2162 175 2192 in
195 2169 326 2198 textum,
344 2162 391 2192 vel
407 2165 439 2192 in
455 2162 542 2192 libris
559 2163 631 2198 suiS‚
649 2165 673 2193 ἒν
689 2165 732 2201 τῷ
747 2164 808 2206 περὶ
830 2163 961 2199 Ἰλιάδος,
986 2166 1010 2194 ἐν
1022 2167 1078 2197 τοῖς
1095 2163 1294 2207 διοςθωτικαῗς,
1319 2168 1343 2196 ἐν
1359 2168 1402 2206 ‘tq-7
1413 2169 1480 2211 πξδς
1497 2170 1550 2203 τὰς
1568 2170 1642 2201 ἀθε-

143 2206 235 2240 τήσεις
254 2205 290 2247 (f.
312 2212 419 2236 contra
441 2206 546 2236 obelos
572 2205 802 2246 Aristarcheos)
826 2213 969 2237 servarat.
1017 2207 1230 2238 Callistratum
1256 2209 1342 2239 hunc
1364 2220 1470 2240 rursus
1493 2213 1644 2252 excerpsit

141 2248 321 2288 Didymus;
343 2248 473 2288 Didymi
497 2256 602 2279 autem
626 2259 722 2288 opera
745 2248 777 2278 in
801 2249 883 2280 hisce
901 2251 994 2280 rebus
1016 2250 1151 2290 plurima
1174 2251 1318 2283 fruimur.
1366 2253 1447 2284 Vide
1461 2254 1503 2285 ad
1516 2255 1554 2291 β’.
1572 2259 1643 2287 111.

142 2295 214 2322 435.
231 2291 268 2322 τ’.
285 2295 335 2323 76.
350 2295 423 2323 527.
443 2298 499 2322 etc.

184 2336 205 2365 b
226 2336 449 2374 ’Ύπομνήματα
464 2335 549 2365 enim
566 2334 719 2366 addidisse
735 2335 826 2365 illum
850 2336 1022 2367 recensioni
1039 2347 1112 2373 suae,
1130 2337 1246 2368 multas
1267 2341 1307 2370 ob
1322 2350 1430 2370 causas
1451 2347 1572 2372 certum
1589 2350 1641 2374 est.

144 2378 201 2409 etsi
218 2388 374 2419 nusquam
391 2388 427 2408 ea
439 2378 625 2408 nominatim
641 2385 858 2409 memorantur
874 2381 906 2409 in
925 2380 1066 2416 Scholfis,
1091 2381 1149 2411 nisi
1168 2382 1247 2412 forte
1269 2382 1308 2413 ad
1324 2384 1362 2420 β’.
1381 2387 1448 2414 155.
1465 2392 1496 2415 et
1511 2385 1548 2425 φ’.
1576 2390 1644 2418 150.

143 2421 199 2452 ubi
225 2423 393 2461 ποιημάτων
409 2421 442 2451 in
471 2422 683 2460 ὑπομνημάιτων
709 2422 897 2452 mutandum
921 2434 987 2453 esse
1013 2421 1096 2454 rec&-
1119 2424 1196 2455 vidit
1223 2426 1395 2457 Bredovius
1419 2438 1517 2458 meus.
1562 2430 1644 2461 Inde

142 2472 288 2504 sumptus
314 2471 367 2499 est,
392 2471 428 2495 ut
450 2465 568 2503 opinor,
587 2464 675 2494 locus
696 2464 735 2494 de
750 2475 841 2496 versu
866 2467 1015 2507 Odysseae
1037 2477 1086 2506 ap.
1112 2468 1227 2499 Athen.
1253 2469 1312 2500 VI.
1342 2481 1368 2509 p.
1386 2474 1457 2500 228.
1474 2472 1515 2501 D.
1539 2479 1569 2502 et
1591 2473 1644 2503 illa

142 2508 295 2548 Porphyr.
312 2508 351 2543 Q.
371 2508 414 2537 H.
432 2511 460 2538 8.
475 2508 507 2536 in
524 2507 637 2547 quibus
653 2508 665 2538 ὅ
681 2508 834 2543 βέλτιστος
859 2510 1062 2552 Ἀριστοφάνης
1078 2511 1227 2541 laudatur
1240 2513 1341 2553 fine-(235.
1387 2514 1435 2544 Ac
1453 2515 1645 2555 Porphyrius·

141 2551 271 2583 fortasse
287 2551 434 2582 volumen
450 2550 549 2580 oculis
565 2558 783 2589 usurpaverat;
805 2558 838 2582 at
855 2552 1040 2583 Scholiastas
1058 2554 1135 2584 illud
1152 2565 1316 2595 usurpasse
1332 2567 1397 2586 non
1413 2557 1610 2589 crediderim.

187 2604 204 2624 c
228 2594 407 2625 Zenodotea
424 2600 499 2624 sunt
514 2595 588 2628 haec,
607 2604 624 2623 e
639 2595 753 2634 quibus
768 2602 873 2625 tamen
891 2607 1045 2635 perpauca
1060 2608 1112 2627 eas
1127 2598 1233 2629 sordes
1248 2600 1342 2635 olent,
1359 2610 1436 2640 quas
1451 2601 1547 2632 modo
1564 2602 1644 2632 ride—

144 2637 276 2668 bamus:
300 2637 354 2668 sed
371 2637 444 2667 satis
458 2637 518 2667 erit
532 2647 680 2667 numeros
695 2647 824 2676 ponere:
851 2639 894 2670 A'.
910 2643 960 2670 91.
976 2639 1015 2675 β’.
1033 2641 1131 2670 Catal.
1145 2644 1217 2671 δοες.
1235 2643 1334 2684 (vulg.
1351 2645 1438 2681 801.)
1456 2645 1496 2683 γ’.
1508 2649 1558 2675 57.
1577 2649 1645 2676 126.

143 2677 176 2710 δῖ.
194 2683 263 2711 137.
279 2680 313 2720 ζ.
335 2684 402 2710 121.
420 2680 453 2713 π’.
470 2684 542 2712 452.
558 2681 597 2711 θ’.
615 2684 688 2711 290.
703 2684 776 2711 30⁴.
791 2681 816 2711 ι’.
836 2685 903 2713 158.
922 2683 958 2713 κ’.
973 2686 1047 2714 506.
1060 2684 1104 2723 μ’.
1123 2688 1174 2714 66.
1191 2689 1240 2717 79.
1259 2689 1330 2717 127.
1346 2689 1373 2716 ν’.
1385 2691 1412 2716 2.
1426 2690 1558 2718 71.107.
1574 2692 1645 2719 245.

145 2726 218 2753 246.
235 2726 306 2754 551.
321 2722 354 2762 ξ’.
368 2727 420 2754 56.
438 2727 507 2754 177.
526 2727 598 2753 208.
615 2727 686 2754 229.
703 2727 774 2755 259.
797 2727 867 2755 276.
892 2728 964 2757 299.
986 2729 1059 2757 310.
1083 2731 1154 2758 400.
1177 2731 1249 2758 412.
1272 2733 1344 2761 505.
1367 2729 1397 2760 ε’.
1425 2733 1492 2761 139.
1507 2734 1578 2760 301.
1605 2731 1648 2761 τ’.

147 2769 219 2796 225.
233 2772 270 2796 d.
297 2769 365 2797 198.
382 2771 453 2797 400.
471 2771 542 2797 466.
558 2770 629 2797 5052.
646 2767 693 2804 ψ’.
709 2770 780 2797 461.
796 2785 839 2792 -
863 2768 946 2798 Aliis
961 2774 980 2800 9
995 2768 1070 2800 locis
1086 2777 1212 2801 notatur
1237 2772 1455 2811 Aristophanis
1477 2783 1648 2804 consensus

147 2819 221 2839 cum
237 2809 343 2849 aliqua
357 2809 443 2839 editt.
459 2810 647 2846 urbicarum,
664 2809 702 2840 α’.
717 2814 789 2841 298.
811 2815 883 2841 424.
901 2815 973 2843 585.
995 2817 1067 2844 598.
1093 2815 1133 2853 γ’.
1153 2818 1203 2846 51.
1226 2814 1256 2846 0¹.
1273 2820 1322 2846 44.
1340 2818 1376 2846 τ’.
1397 2820 1449 2846 86.
1473 2818 1504 2846 μ’.
1523 2819 1592 2847 188.
1608 2817 1646 2848 ω’.

148 2855 210 2888 30..
226 2851 273 2882 bis
287 2861 359 2882 cum
376 2862 441 2882 una
460 2853 612 2886 Rhianea.
631 2855 667 2883 τ’.
682 2857 731 2883 41.
749 2860 780 2884 et
797 2854 842 2893 ψ’.
859 2858 909 2885 81.

190 2894 211 2925 d
236 2894 319 2925 Vide
341 2894 381 2925 ad
398 2896 434 2925 α’.
461 2899 528 2926 108.
546 2900 617 2927 298.
643 2899 716 2927 553.
731 2896 773 2932 β’.
797 2901 846 2928 55.
868 2901 937 2928 164.
959 2901 1030 2930 456.
1048 2903 1121 2930 4117.
1147 2899 1187 2940 γ’.
1206 2904 1252 2931 18.
1267 2904 1317 2931 55.
1343 2901 1412 2941 (ubi
1429 2901 1500 2932 licet
1514 2902 1645 2937 dubites.

151 2939 257 2983 amem}
272 2948 312 2969 ne
334 2937 508 2979 praetulerit
532 2939 732 2971 Aristarchus
753 2950 794 2971 an
810 2943 928 2985 παρειάς
941 2955 951 2973 :
972 2952 1047 2973 nam
1064 2943 1096 2973 in
1115 2944 1194 2974 Ven.
1218 2950 1314 2979 textu,
1338 2945 1418 2975 sicut
1433 2945 1465 2975 in
1482 2945 1646 2985 Lipsiensi.
