1856 3235
183 235 275 276 246
674 226 1229 276 PROLEGOMENA.

194 357 379 405 saeculis
425 357 685 404 admodum
721 358 855 405 nulla
901 366 1016 413 erat,
1066 357 1260 420 quando
1311 355 1478 403 eadem
1521 356 1673 405 forma

193 423 418 470 orationis
442 423 659 486 usurpari
684 423 867 470 solebat
890 424 948 470 ab
974 424 1158 485 optimo
1188 438 1379 485 quoque
1404 426 1669 485 poetarum.

193 488 379 535 Verum
412 488 682 552 philosophi
724 505 871 551 quum
913 487 1148 542 viderent,
1186 504 1319 534 sacra
1354 487 1520 534 haberi
1561 488 1675 536 Car-

191 553 335 610 mina,
374 553 699 616 celebrarique
724 553 855 600 omni
878 552 1075 615 populo,
1113 568 1175 598 ex
1214 552 1368 615 iisque
1402 553 1517 600 vitae
1539 560 1675 601 recte

190 619 503 666 instituendae
542 626 786 681 praecepta
826 618 966 673 sumi,
1006 633 1166 679 neque
1202 624 1367 664 tamen
1406 617 1455 664 in
1493 618 1549 665 iis
1573 635 1674 665 non

193 684 632 731 animadverterent
654 683 808 730 multa
829 681 965 737 falso,
1001 681 1207 728 ridicule
1232 690 1282 729 et
1304 682 1533 730 indecore
1556 683 1675 746 fingi

192 749 253 796 de
277 758 450 797 natura
474 749 675 796 deorum
711 757 760 796 et
783 764 959 803 rerum,
996 747 1400 810 interpretatione
1424 765 1508 795 sua
1531 750 1675 796 corri-

190 831 307 878 gere
331 814 530 870 fabulas,
567 822 712 878 atque
754 813 815 860 ad
854 813 1103 877 physicam
1143 820 1193 859 et
1233 812 1462 859 moralem
1501 812 1675 861 doctri-

189 896 301 927 nam
348 897 446 928 suae
492 880 646 927 aetatis
692 879 1075 934 accommodare,
1115 878 1324 951 denique
1370 878 1590 926 historias
1625 889 1676 926 et

189 946 374 1009 reliqua
412 945 515 994 fere
554 945 714 992 omnia
748 945 810 991 ad
845 944 1095 991 involucra
1135 943 1387 1006 exquisitae
1429 942 1678 1007 sapientiae

188 1011 378 1059 tlahere
405 1019 674 1074 coeperunt.
746 1009 860 1057 Hoc
896 1010 948 1055 in
985 1026 1166 1072 genere
1193 1026 1294 1073 Jam
1320 1009 1450 1056 circa
1473 1008 1673 1074 Olymp.

190 1075 398 1132 LXIII„
434 1077 485 1122 in
526 1093 621 1139 qua
653 1075 926 1121 Pisistlatus
948 1075 1171 1131 decessit,
1211 1074 1486 1122 elaborabat
1521 1075 1679 1123 Thea-

189 1158 339 1205 genes
366 1141 635 1203 Rheginus,
679 1156 794 1187 mox
820 1140 1137 1203 Anaxagoras
1177 1139 1530 1200 Clazomenius,
1568 1140 1677 1189 Me-

188 1207 413 1254 trodorus
451 1206 825 1269 Lampsacenus,
865 1205 1209 1252 Stesimbrotus
1251 1204 1457 1253 Thasius
1500 1205 1677 1269 aliique

188 1272 280 1319 aevi
305 1271 568 1335 ejusdem.
537 1287 551 1304 ³
641 1270 791 1318 Pauci
816 1278 988 1317 contla
1011 1270 1105 1326 alii,
1143 1278 1200 1317 ut
1225 1270 1537 1334 Pythagoias,
1580 1271 1679 1320 Xe-

191 1337 454 1401 nophanes,
505 1335 821 1383 Heraclitusb
825 1373 838 1392 ,
897 1352 997 1383 non
1055 1309 1677 1384 xrerebantu1³Homerum

188 1403 448 1466 impietatis
472 1418 695 1449 accusare
735 1409 933 1465 propter
970 1409 1044 1449 tot
1080 1400 1196 1449 ficta
1230 1419 1314 1449 seu
1337 1402 1677 1465 pulcherrimis

187 1469 402 1517 versibus
427 1476 594 1515 ornata
633 1468 900 1515 mendacia.
970 1467 1030 1514 In
1055 1484 1152 1531 quo
1175 1467 1225 1514 hi
1258 1467 1454 1530 quidem
1477 1469 1679 1532 posteri-

189 1551 295 1582 ores
319 1550 550 1598 magnum
588 1533 817 1596 quiddam
841 1517 1069 1580 videntur
1093 1533 1210 1579 mihi
1232 1532 1406 1581 fecisse
1431 1534 1674 1582 et‘libera-

189 1600 382 1647 lissimae
421 1599 581 1663 gentis
618 1598 780 1646 indole
828 1598 1046 1663 dignum,
1090 1599 1222 1662 quod
1262 1600 1520 1647 sanctitate
1554 1600 1677 1648 vatis

187 1667 246 1713 ab
283 1665 504 1713 omnibus
543 1672 592 1711 et
632 1664 988 1728 quodammodo
1035 1681 1061 1711 a
1099 1681 1148 1711 se
1185 1664 1299 1727 ipsis
1347 1665 1531 1713 credita
1575 1681 1676 1713 non

188 1739 301 1778 sunt
343 1730 576 1786 deterriti,
614 1746 675 1778 ne
712 1729 870 1793 palam
913 1729 1343 1804 reprehenderent,
1383 1747 1492 1794 quae
1531 1731 1581 1777 in
1616 1747 1676 1779 eo

189 1797 445 1844 abhorrere
466 1803 694 1859 putarent
717 1813 744 1843 a
767 1812 881 1842 vera
905 1796 1139 1869 sapientia
1180 1803 1229 1843 et
1263 1796 1322 1842 ab
1359 1796 1553 1860 optimis
1576 1813 1676 1844 mo-

186 1863 335 1910 ribus.
408 1861 503 1909 Sed
527 1877 617 1908 nec
639 1861 878 1924 prioribus
901 1861 1009 1917 illis,
1049 1861 1148 1908 sive
1189 1860 1451 1924 allegorica
1491 1870 1542 1909 et
1565 1878 1674 1910 ana-

186 1928 365 1992 gogica
388 1927 571 1974 somnia
596 1943 681 1973 sua
706 1927 795 1990 ipsi
832 1927 1053 1974 cledidei
1058 1934 1161 1982 unt
1205 1927 1304 1974 sive
1342 1928 1400 1974 ab
1425 1927 1528 1975 aliis
1553 1927 1673 1975 dun-

186 2000 321 2040 taxat
367 1992 499 2040 credi
546 1992 822 2048 voluerunt,
859 1992 1036 2040 idonea
1080 1992 1217 2039 deest
1257 1993 1523 2040 excusatio.
1594 1993 1673 2041 Ita

184 2058 312 2106 enim
337 2058 460 2105 ratio
485 2065 762 2121 comparata
786 2065 872 2114 est,
911 2066 966 2105 ut
989 2058 1138 2114 libris,
1174 2073 1294 2121 quos
1329 2074 1356 2104 a
1380 2058 1558 2106 teneris
1582 2065 1672 2106 sta-

184 2125 272 2171 tim
318 2124 454 2171 annis
496 2124 845 2187 cognoscimus,
883 2140 1050 2171 omnes
1073 2140 1225 2187 prope
1256 2132 1441 2171 nostras
1476 2132 1671 2172 nostrae-

187 2205 282 2252 que
306 2190 460 2236 aetatis
502 2189 752 2252 opiniones
794 2188 1128 2252 subjiciamus3
1166 2205 1223 2236 ac
1267 2190 1303 2235 si
1346 2189 1415 2235 illi
1451 2189 1672 2253 populari

185 2271 275 2301 usu
290 2254 393 2317 jam
415 2255 602 2318 pridem
627 2255 896 2302 consecrati
921 2263 1048 2310 sunt,
1086 2254 1188 2318 ipsa
1212 2255 1371 2302 obstat
1402 2256 1672 2312 veneratio,

188 2336 284 2383 quo
307 2320 464 2367 minus
502 2320 550 2366 in
592 2320 649 2367 iis
689 2320 895 2367 absurda
920 2329 969 2367 et
993 2319 1198 2368 ridicula
1221 2321 1378 2369 inesse
1404 2320 1670 2369 credamus.

227 2460 247 2481 a
269 2450 360 2481 Plato
378 2451 456 2481 Ione
481 2450 500 2481 l.
517 2461 543 2481 c.
571 2451 714 2490 Xenoph.
743 2451 851 2491 Symp.
880 2451 950 2482 ΙΙΙ.
965 2455 994 2482 5.
1021 2456 1050 2482 6.
1068 2451 1162 2492 Diog.
1190 2451 1291 2482 La'e'rt.
1310 2452 1358 2482 II.
1389 2455 1436 2482 11.
1464 2451 1587 2482 Tatian.
1601 2451 1669 2482 adv.

185 2494 284 2525 Graec.
299 2496 349 2524 37.
362 2497 411 2523 48.
430 2494 520 2524 Conf.
534 2494 630 2533 Bayle
650 2494 730 2524 Dict.
747 2505 774 2524 ν,
796 2495 937 2535 Anaxag.
954 2502 984 2525 et
1003 2494 1188 2525 Monboddo
1204 2495 1342 2525 Ancient
1358 2495 1578 2534 Mletaphysics,
1595 2494 1669 2525 Vol.

182 2537 256 2567 111.
278 2547 306 2575 p.
325 2540 395 2567 108.
438 2537 487 2566 Ex
505 2543 636 2577 quatuor
656 2537 717 2566 illis
732 2537 917 2578 Theagenes
933 2539 980 2567 bis
996 2538 1141 2568 laudatur
1163 2538 1196 2567 in
1215 2537 1354 2572 Scholiisy
1379 2537 1453 2568 item
1469 2537 1516 2568 bis
1540 2538 1669 2568 Anaxa-

181 2589 280 2620 goras,
297 2579 393 2609 semel
410 2579 610 2610 Metrodorus
631 2579 670 2610 ad
687 2580 722 2610 z'.
739 2584 810 2611 252.
834 2591 861 2619 p.
886 2584 965 2614 251„
985 2581 1206 2611 Stesimbrotus
1219 2587 1265 2610 ter
1279 2581 1317 2611 λ’.
1332 2583 1405 2612 655.
1425 2580 1454 2610 0'.
1475 2583 1543 2612 193.
1559 2582 1597 2619 φ’.
1621 2583 1672 2613 76.

183 2623 230 2652 bis
244 2623 277 2652 in
294 2622 396 2652 Schol.
415 2622 574 2661 Apollonii
592 2623 653 2653 Rh.
669 2629 699 2652 et
713 2623 745 2653 in
763 2623 900 2663 Etymol.
917 2624 964 2653 M.
983 2634 1010 2662 p.
1028 2627 1099 2654 277.
1115 2626 1185 2654 465.
1231 2623 1371 2653 Additur
1385 2633 1404 2653 a
1419 2622 1552 2653 Platone
1569 2623 1670 2653 Glau-

183 2675 229 2700 co,
245 2665 349 2695 forsan
365 2664 417 2695 ille
433 2664 530 2695 Te’ius
545 2675 593 2704 ap.
610 2665 738 2696 Aristot.
756 2665 850 2696 Rhet.
878 2666 948 2696 111.
968 2670 1003 2701 1.,
1020 2667 1073 2706 qui
1089 2665 1128 2696 de
1143 2666 1260 2706 tragica
1282 2676 1336 2696 seu
1352 2665 1533 2704 rhapsodica
1548 2666 1669 2697 actione

183 2709 352 2747 scripserat.
399 2707 467 2738 Nisi
481 2708 584 2747 potius
597 2708 747 2747 placuerit
764 2708 964 2748 Sydenhamii
977 2720 1052 2740 corr.
1069 2710 1199 2742 Γλαῦκος
1216 2715 1339 2748 propter
1353 2708 1456 2739 Schol.
1471 2709 1518 2739 ad.
1535 2715 1572 2740 λ’.
1588 2712 1669 2744 655.,

182 2751 237 2782 ubi
256 2750 396 2781 Glaucus
417 2751 618 2791 subjungitur
637 2751 849 2781 Stesimbroto.
896 2752 1008 2782 Minus
1029 2753 1123 2782 etiam
1138 2752 1283 2782 novimus
1299 2751 1575 2783 Anaximandrum
1601 2752 1668 2782 Xe-

182 2794 359 2833 nophontis.
405 2794 488 2824 Nam
510 2794 611 2824 clarus
630 2793 800 2833 discipulus
822 2794 962 2824 Thaletis
991 2805 1029 2825 ex
1055 2795 1173 2825 ratione
1196 2800 1373 2833 temporum
1395 2805 1460 2826 non
1482 2795 1583 2834 potuit
1603 2804 1667 2825 esse

182 2837 320 2867 Nicerati
338 2837 501 2878 magister:
528 2837 724 2878 cognominis
739 2837 821 2868 filius
830 2837 915 2868 illius
930 2838 1030 2877 potuit
1045 2848 1128 2876 esse3
1144 2844 1174 2869 at
1189 2847 1229 2868 ne
1243 2837 1283 2868 de
1294 2838 1352 2870 boc
1367 2837 1493 2879 quidem
1506 2837 1566 2869 tale
1577 2837 1670 2878 quid-

182 2890 275 2920 quam
292 2879 413 2920 legitur.

223 2923 242 2952 b
260 2923 352 2963 Diog.
371 2923 471 2954 Lau-t.
490 2923 594 2955 VIII.
613 2926 662 2954 21.
681 2923 741 2954 IX.
761 2927 786 2967 .¹·
804 2926 850 2955 18.
868 2923 971 2964 ibique
991 2924 1093 2963 Intpp.
