1856 3235
603 237 1163 290 PROLEGOMENA.
1540 247 1634 289 229

147 372 399 437 loquendi,
422 371 627 429 ancillas,
666 377 842 434 utpote
882 371 1179 418 concubinas
1214 386 1502 434 procorum:
1543 389 1645 420 om-

148 455 358 502 nemque
391 437 555 484 locum
580 437 683 484 sine
725 435 824 483 ulla
846 435 1149 483 haesitatione
1175 436 1237 483 ad
1273 437 1429 484 aulam
1458 438 1644 502 Ulyssis

148 503 314 561 refert,
331 518 428 549 non
451 501 682 549 Menelai.
733 501 958 564 Plerique
975 510 1144 549 contra
1159 502 1457 549 recentiores
1478 503 1642 567 Intpp.

148 586 248 617 non
265 571 333 616 ita
348 566 491 614 facile
512 584 562 614 se
587 585 614 614 a
631 566 862 614 Menelao
886 567 1062 614 abduci
1075 567 1340 630 patiuntur.
1389 567 1447 614 In
1473 569 1647 631 quibus

150 633 406 682 Barnesius
430 633 660 690 humane,
677 640 736 680 ut
760 633 844 690 ait,
862 631 1048 695 lapsum
1083 632 1331 680 condonat
1370 632 1646 692 Eustathio,

149 715 292 763 quem
318 697 543 761 equidem
562 699 611 745 in
638 715 724 745 sua
748 714 895 761 opera
920 697 1216 761 compilandi
1239 714 1302 745 ne
1325 697 1421 745 labi
1447 698 1647 761 quidem

150 763 235 812 tali
274 763 422 811 modo
458 764 673 827 potuisse
721 763 893 821 credo3
943 764 1046 826 ipse
1085 780 1203 811 vero
1249 764 1430 824 ἀλόχους
1476 780 1649 812 uxores

147 829 314 877 nescio
339 846 455 892 quas
481 830 701 891 filiorum
737 828 952 876 Menelai
991 836 1039 875 et
1068 830 1318 876 amicorum
1342 829 1540 892 accipit,
1587 830 1648 878 de

150 894 303 942 altero
318 894 560 943 vocabulo
580 902 729 942 tacet.
783 894 1015 951 Daceria,
1033 894 1083 940 in
1109 903 1318 958 utroque
1338 895 1650 942 Eustathium

151 976 377 1024 sequens,
416 969 580 1007 tamen
606 969 656 1008 et
696 961 799 1024 ipsa
834 959 996 1006 adhuc
1036 959 1221 1023 Spartae
1260 969 1491 1007 moratur.
1565 962 1650 1009 Ac

149 1025 313 1073 forsan
335 1026 424 1073 hos
450 1034 500 1073 et
525 1025 642 1074 alios
668 1026 831 1090 plures
855 1025 978 1072 illud
993 1025 1162 1083 movit,
1181 1042 1340 1089 neque
1358 1027 1461 1073 sine
1487 1043 1649 1085 causa,

148 1091 283 1155 quod
318 1094 426 1145 θεῖος
448 1091 647 1155 βασιλεῦς
669 1093 720 1138 in
744 1092 839 1138 hoc
873 1099 1111 1138 contextu
1134 1092 1202 1139 ita
1227 1092 1413 1139 dictum
1438 1092 1648 1150 videtur,

151 1165 208 1205 ut
232 1157 404 1221 aliquis
429 1159 487 1205 ab
514 1157 688 1222 Ulysse
711 1157 998 1204 nominatim
1025 1157 1267 1220 appellato
1303 1158 1646 1220 distinguatur.

156 1223 254 1270 Sed
276 1239 438 1270 rursus
461 1227 584 1285 μῆλα
608 1224 721 1283 οἴγειν
744 1223 794 1269 in
830 1223 1110 1269 memoriam
1135 1232 1334 1270 revocat
1369 1239 1543 1286 procos
1567 1224 1646 1271 αἰεὶ

150 1289 249 1351 μῆλ’
279 1287 402 1335 dama
425 1289 674 1351 σφαζὸντας,
701 1288 947 1351 servisque
987 1288 1065 1335 vel
1088 1287 1299 1346 famulis,
1342 1305 1532 1336 coenam
1570 1306 1648 1353 ap-

151 1354 450 1417 parantibus,
496 1355 587 1417 ipsi
631 1358 844 1418 μνηστῆςες
890 1370 935 1400 v.
975 1360 1081 1400 625.
1116 1355 1241 1402 bene
1279 1354 1443 1418 juncti
1490 1355 1644 1402 videri

153 1427 372 1482 possunt.
444 1419 517 1466 At
540 1420 778 1483 quidquid
802 1420 974 1467 horum
1014 1436 1183 1467 verum
1209 1429 1294 1476 est,
1329 1428 1378 1467 et
1401 1420 1570 1467 ubiubi
1595 1420 1649 1467 fit

154 1485 378 1532 transitio
421 1485 483 1531 ad
507 1502 582 1532 res
625 1485 909 1542 IthacesiaS,
950 1485 1182 1548 perplexe
1205 1486 1287 1532 illa
1322 1486 1376 1532 fit
1401 1494 1452 1533 et
1489 1487 1648 1549 ingra-

155 1550 357 1608 tissime,
372 1566 532 1613 neque
546 1551 627 1598 hic
650 1551 923 1598 Homerum
937 1560 1193 1598 canentem
1210 1552 1447 1598 audimus.
1481 1551 1653 1616 Itaque

155 1615 248 1663 nisi
285 1616 476 1673 scirem,
501 1632 646 1679 quam
668 1615 813 1664 facile
837 1616 886 1662 in
925 1624 1063 1663 tanto
1087 1633 1234 1680 opere
1272 1617 1481 1665 minores
1506 1617 1653 1665 offen-

156 1681 314 1729 siones
338 1682 689 1729 obumbrentur
706 1698 1010 1746 magnarum,
1029 1683 1237 1745 partium
1260 1683 1435 1739 nitore,
1454 1683 1653 1731 mirarer

157 1747 347 1794 nullum
387 1747 698 1803 Criticorum,
724 1756 860 1795 vates
883 1748 971 1795 hos
996 1748 1057 1795 ad
1080 1748 1330 1811 vulgarem
1360 1765 1579 1796 normam
1605 1766 1650 1796 e-

158 1812 510 1869 mendantium,
528 1813 688 1861 adhuc
709 1822 938 1861 exortum
959 1830 1080 1871 esse,
1105 1815 1187 1877 qui
1206 1823 1412 1877 quatuor
1436 1814 1650 1862 molestis

158 1878 374 1926 versibus
399 1878 572 1926 deletis
590 1879 757 1927 locum
773 1879 978 1927 similem
998 1878 1184 1928 faceret
1198 1880 1267 1926 illi
1281 1879 1328 1944 ξ’.
1364 1887 1481 1938 166.,
1506 1897 1652 1944 seque

158 1944 325 2008 primis
342 1944 630 2008 politoribus
650 1945 822 1992 horum
840 1945 1123 1993 Carminum
1143 1946 1447 2010 adjungeret.
1487 1946 1587 2002 Qui
1611 1947 1649 1993 si

162 2009 284 2057 illud
308 2009 422 2057 olim
441 2009 690 2068 fecissent,
708 2011 781 2057 uti
806 2027 887 2058 eos
913 2011 1026 2058 alibi
1051 2027 1178 2074 saepe
1207 2011 1382 2059 fecisse
1421 2011 1653 2059 credibile

163 2084 251 2131 est,
272 2074 351 2123 vel
369 2076 514 2123 etiarn
531 2093 576 2123 v.
599 2083 708 2123 625.
729 2076 920 2124 initium
946 2076 1060 2123 novi
1075 2076 1183 2124 libri
1201 2078 1492 2140 posuissent,
1519 2086 1655 2125 certo

166 2141 314 2188 credo
351 2139 571 2189 futurum
612 2141 778 2199 fuisse,
814 2151 870 2189 ut
911 2142 1155 2190 tantulum
1203 2159 1409 2190 acumen
1455 2144 1653 2207 ingenia

165 2206 382 2254 omnium
406 2214 681 2271 temporum
699 2207 970 2256 deluderet.
1039 2208 1150 2257 Jam
1174 2218 1350 2272 praeter
1373 2208 1652 2272 opinionem

166 2289 242 2320 res
259 2272 454 2320 cecidit.
524 2273 651 2321 Nam
671 2275 761 2322 etsi
785 2274 1110 2322 vetustissima
1149 2284 1266 2322 aetas
1290 2274 1578 2322 Graecorum
1604 2275 1654 2321 in

168 2338 429 2395 edolando,
448 2339 667 2386 ornando
704 2340 1041 2404 comendoque
1074 2340 1168 2388 hoc
1206 2345 1351 2404 poeta
1387 2357 1531 2388 omne
1557 2348 1654 2388 stu-

167 2404 300 2452 dium
327 2403 604 2462 collocavit,
640 2405 835 2469 reliquit
859 2422 914 2454 ea
939 2414 1103 2453 tamen
1151 2406 1478 2471 Pylaemenem
1515 2406 1657 2453 nimis

169 2470 269 2518 cito
314 2468 401 2517 fati
449 2470 521 2517 sui
568 2470 791 2528 oblitum,
833 2480 882 2519 et
922 2471 1095 2519 similia
1137 2472 1290 2535 plura,
1331 2489 1439 2535 quae
1486 2472 1659 2520 Critici

168 2544 354 2598 postea,
396 2536 541 2583 unice
582 2546 872 2599 quaerentes,
909 2537 1026 2600 quid
1050 2539 1262 2591 ἐποποιΐας
1301 2538 1459 2586 tenori
1485 2546 1534 2586 et
1569 2537 1659 2585 arti

172 2601 474 2659 conveniret,
499 2603 650 2650 obelis
693 2610 742 2650 et
767 2603 1186 2651 emendationibus
1223 2605 1319 2651 suis
1357 2604 1419 2652 ad
1438 2603 1658 2651 ordinem

175 2674 227 2714 et
252 2667 565 2716 concordiam
589 2668 811 2732 redigere
837 2668 998 2716 conati
1019 2677 1132 2716 sunt
1156 2682 1188 2717 ².

213 2806 233 2827 a
256 2797 495 2838 Nonnunquam
519 2799 625 2829 minus
647 2797 778 2828 feliciter
794 2799 841 2829 vel
864 2806 1049 2831 constanter.
1081 2803 1141 2833 ‘Ut
1156 2800 1189 2830 iu
1212 2800 1267 2831 illo
1284 2800 1472 2840 Pylaemene.
1497 2798 1561 2828 filio
1578 2798 1663 2828 Har-

172 2838 290 2878 palioni
306 2840 338 2870 iu
354 2841 450 2872 funus
466 2842 639 2879 prodeunte
658 2842 685 2871 ΙΙ
705 2842 732 2871 ν’.
749 2846 829 2876 658..
847 2853 946 2881 quum
963 2843 1026 2881 ipse
1041 2847 1161 2876 occisus
1173 2850 1253 2874 esset
1270 2843 1296 2874 ξ’,
1314 2848 1373 2873 573
1433 2843 1482 2872 De
1498 2852 1560 2881 quo
1577 2841 1665 2871 nobis

168 2881 274 2922 plures
289 2883 424 2914 rationes
438 2884 564 2914 illorum
581 2886 748 2924 propinant
765 2885 877 2915 Scholl.
895 2893 925 2916 et
942 2887 1029 2917 Eust.
1077 2889 1196 2918 Earum
1220 2887 1313 2918 nulla.
1331 2888 1354 2915 si
1374 2885 1448 2925 quid
1472 2885 1571 2918 video,
1596 2894 1667 2914 vera

170 2931 224 2960 αεὶ,
240 2936 305 2956 una
328 2926 423 2967 longe
439 2927 641 2966 ineptissima,
669 2938 730 2968 qua
757 2928 929 2968 corrigitur,
954 2933 1033 2968 μετὰ
1054 2930 1078 2961 3·
1097 2932 1128 2961 οὔ
1149 2938 1196 2969 σφι
1221 2931 1319 2970 πατὴρ
1344 2929 1394 2958 κίε.
1443 2928 1536 2957 Hanc
1562 2934 1667 2957 tamen

172 2967 266 2998 Bam.
292 2971 414 3000 ornavit
437 2971 560 3009 proprio
583 2971 745 3002 versiculo.
792 2972 856 3001 Alii
881 2982 982 3011 nuper
1008 2975 1112 3013 ipsum
1137 2973 1259 3012 poetam
1284 2971 1448 3001 oblivionis
1463 2972 1665 3001 accusabant:

169 3010 253 3051 quod
266 3019 486 3044 commentum
504 3014 591 3050 nulli,
609 3020 694 3054 puto,
714 3014 968 3046 Aristarchorum
984 3024 1124 3047 veterum
1147 3017 1311 3055 probatum
1328 3014 1445 3044 fuisset.
1492 3014 1575 3044 Nam
1591 3013 1674 3043 alius
