1856 3235
566 221 1128 271 PROLEGOMENA.
1513 234 1606 279 207

116 358 234 406 dum
274 353 541 405 necessaria
564 369 682 409 esse,
720 370 748 400 a
771 353 1069 416 sapientibus
1107 355 1333 403 omnibus
1360 365 1410 406 et
1448 359 1608 408 stultis

115 423 478 486 ignorabantur.
550 419 714 474 Quid?
765 418 897 482 quod
932 435 994 466 ne
1035 420 1245 468 nominis
1285 423 1482 486 quidem
1523 426 1610 472 im-

116 487 381 536 mortalitas
403 492 508 531 tum
553 500 830 548 quenquam
853 483 1103 548 impellere
1127 486 1304 548 potuit,
1344 496 1399 535 ut
1440 490 1483 536 ei
1522 491 1610 538 du-

115 553 289 601 raturis
333 549 661 597 monumentis
714 549 1037 613 prospiceret3
1094 551 1242 614 idque
1285 552 1346 599 de
1390 553 1612 604 Homero

121 618 333 672 credere,
371 622 539 679 optare
579 622 669 671 est,
704 631 805 662 non
845 614 992 663 fidem
1032 614 1211 664 facere.
1281 618 1410 665 Nam
1451 621 1534 667 ubi
1571 622 1613 668 is

116 684 202 732 tali
236 680 397 729 studio
421 697 471 728 se
495 681 651 728 teneri
676 680 947 744 significat?
980 682 1061 728 ubi
1101 682 1451 745 professionem
1490 686 1613 748 ejus-

118 747 264 803 modi,
303 747 491 794 caeteris
514 746 672 810 poetis
695 754 793 793 tam
819 745 1141 809 frequentem,
1181 748 1297 805 edit,
1324 758 1410 798 aut
1435 750 1614 799 callide

119 811 416 862 dissimulat?
450 811 756 860 Carminibus
791 811 989 874 quidem
1015 813 1196 860 scelera
1220 821 1270 861 et
1291 815 1523 878 praeclara
1545 816 1614 863 fa-

117 879 284 927 cinora
305 876 447 925 famae
469 877 594 924 tradi
620 893 746 940 saepe
780 876 1029 940 praedicat,
1068 887 1119 926 at
1140 879 1272 926 idem
1296 881 1612 929 novissimum

117 945 327 993 Carmen
371 944 430 991 ab
477 943 787 991 audientibus
832 943 1044 990 maxime
1100 944 1333 992 celebrari
1378 946 1613 995 fatetura.

117 1009 336 1059 Omnino
359 1016 523 1057 autem
547 1008 661 1056 satis
684 1008 854 1056 habuit
877 1007 959 1056 illa
982 1016 1112 1066 aetas,
1145 1011 1281 1074 quasi
1306 1012 1394 1059 sub
1420 1013 1615 1062 nutrice

116 1075 373 1124 ludendob
426 1082 476 1123 et
515 1074 668 1122 divini
713 1074 898 1138 ingenii
944 1074 1181 1138 impetum
1219 1078 1484 1140 sequendo,
1539 1096 1615 1127 res

117 1140 468 1206 pulcherrimas
514 1139 722 1204 experiri
771 1147 822 1187 et
878 1140 941 1187 ad
985 1141 1189 1189 aliorum
1231 1143 1615 1192 oblectationem

120 1207 350 1272 prodere:
388 1206 667 1254 mercedem
691 1206 730 1253 si
754 1221 899 1269 quam
922 1207 1079 1270 petiit,
1103 1207 1299 1271 plausus
1322 1208 1418 1257 fuit
1441 1218 1491 1257 et
1514 1211 1619 1258 laus

120 1272 378 1336 aequalium
403 1272 695 1328 auditorum,
732 1271 944 1335 praemia,
983 1273 1022 1319 si
1052 1274 1208 1336 poetis
1233 1274 1491 1332 credimus,
1520 1294 1615 1323 am-

121 1338 350 1403 plissima,
386 1337 632 1402 longeque
673 1337 886 1401 gratiora
925 1354 1197 1402 papyracea
1235 1340 1616 1390 immortalitate.

122 1404 322 1453 Etenim
346 1411 528 1467 quanta
551 1402 871 1451 admiratione
895 1410 999 1450 tum
1025 1412 1075 1451 et
1098 1404 1190 1468 ipsi
1210 1413 1348 1454 vates
1372 1415 1422 1454 et
1447 1415 1619 1455 cantus

126 1487 295 1518 eorum
319 1470 517 1533 excepti
552 1469 662 1525 sint,
702 1478 901 1532 apparet
923 1469 1099 1532 partim
1125 1487 1185 1518 ex
1209 1471 1266 1518 iis
1290 1471 1410 1520 locis
1438 1473 1619 1522 Home-

121 1536 212 1584 rici
237 1535 491 1591 Carminis,
518 1534 602 1582 ubi
629 1534 858 1581 Phemius
882 1542 933 1582 et
958 1535 1276 1584 Demodocus
1293 1546 1525 1586 canentes
1549 1540 1619 1586 in-

126 1601 374 1649 ducuntur
388 1616 421 1657 ο,
458 1600 635 1664 partim
661 1616 721 1647 ex
736 1598 1097 1663 jucundissimo
1131 1600 1215 1648 illo
1254 1619 1476 1651 sermone
1519 1604 1622 1652 Pla-

125 1667 269 1723 tonis,
305 1667 356 1713 in
380 1681 478 1729 quo
502 1665 560 1713 Io
583 1665 850 1728 rhapsodus
874 1681 1052 1713 munus
1086 1674 1138 1714 et
1161 1683 1357 1715 scenam
1382 1686 1514 1716 suam
1541 1671 1622 1718 de-

127 1732 309 1781 scribit.
379 1731 508 1779 Nam
533 1731 660 1779 sicut
683 1730 765 1779 hic
790 1738 892 1779 arte
918 1731 1126 1794 quadam
1151 1732 1343 1781 efficere
1368 1751 1418 1782 se
1444 1735 1618 1799 jactat,

126 1805 183 1846 ut
205 1805 310 1845 tota
332 1797 524 1845 theatra
564 1813 860 1861 quocunque
901 1797 1080 1846 affectu
1121 1797 1354 1856 ferantur,
1392 1808 1449 1848 ut
1487 1818 1621 1850 nunc

122 1863 344 1912 lacrimas
383 1862 608 1919 fundant,
645 1879 779 1911 nunc
817 1863 969 1911 torvis
1012 1863 1167 1912 oculis
1192 1865 1621 1931 circumspectent,

129 1945 263 1977 nunc
286 1929 519 1993 gaudium
543 1929 756 1993 prodant
795 1927 994 1988 vultu⁶3
1031 1929 1100 1977 ita
1139 1930 1233 1978 hoc
1271 1932 1427 1980 multo
1470 1935 1622 1998 magis

130 2001 182 2042 et
203 2002 391 2042 naturae
412 1995 638 2059 propiore
673 2002 777 2042 arte
818 1994 1047 2043 effectum
1085 2003 1158 2043 est
1195 2014 1223 2044 a
1261 1999 1452 2045 vatibus
1493 2000 1622 2063 ipsis.

132 2060 229 2107 Sed
252 2076 402 2123 quum
424 2059 528 2108 fere
569 2060 746 2117 omnia,
784 2076 893 2124 quae
931 2061 993 2108 de
1034 2061 1286 2125 rhapsodis
1326 2065 1621 2128 accepimus,

129 2124 391 2189 plurimum
432 2125 690 2174 conferant
730 2126 792 2173 ad
830 2127 1224 2190 cognoscendam
1265 2129 1417 2176 vitam
1464 2131 1623 2187 ἀοιδῶν,

130 2198 304 2255 utpote
328 2207 534 2255 quorum
558 2192 608 2239 in
643 2192 805 2240 locum
842 2191 912 2239 illi
953 2202 1309 2251 successerunt,
1345 2212 1503 2259 pauca
1542 2213 1627 2244 no-

131 2257 205 2304 bis
229 2256 290 2304 de
313 2256 492 2321 insigni
515 2258 685 2306 ordine
717 2258 927 2306 dicenda
961 2266 1090 2315 sunt,
1120 2260 1429 2324 maximeque
1455 2278 1525 2318 ea,
1565 2262 1626 2310 de

132 2322 308 2387 quibus
332 2322 423 2372 viri
447 2323 582 2372 docti
604 2324 766 2374 adhuc
788 2324 948 2373 minus
969 2324 1190 2392 sollerter
1213 2326 1554 2376 existimarunt
1571 2330 1604 2375 ⁶.

173 2473 194 2494 a
217 2463 328 2505 odyss.
344 2464 382 2496 α’.
397 2467 471 2497 551.

173 2507 195 2537 b
220 2507 312 2538 Conf.
328 2508 470 2549 egregios
492 2518 597 2539 versus
612 2508 694 2540 Hor.
710 2509 809 2548 Epist.
832 2509 883 2541 11.
914 2514 939 2541 l.
965 2513 1015 2543 95.
1038 2520 1102 2551 sqq.
1128 2510 1163 2541 in
1187 2520 1267 2551 quos
1290 2511 1509 2542 commentarii
1536 2521 1630 2542 usum

133 2550 250 2588 praebet
264 2551 454 2591 sagacissimi
472 2551 586 2582 Garvii
601 2551 692 2591 Disp.
708 2555 921 2593 Betrachlung
935 2555 1053 2593 einiger
1087 2555 1384 2586 Versclziedenheilen
1404 2558 1438 2586 in
1461 2558 1520 2586 den
1551 2557 1629 2585 Wer-

134 2593 190 2624 ken
205 2595 259 2624 der
273 2595 400 2625 Ultesten
416 2596 481 2625 und
496 2605 612 2626 neuern
629 2595 852 2636 Sclzrfflsceller‚
875 2597 1005 2636 repetita
1021 2596 1055 2626 in
1073 2596 1266 2628 Collectione
1281 2598 1368 2638 Lips.
1391 2601 1481 2630 1779.

177 2645 194 2666 c
211 2635 321 2676 Odyss.
338 2637 377 2668 α’.
392 2640 465 2669 326.
481 2648 543 2679 sqq.
559 2638 600 2669 θ’.
615 2641 666 2669 62.
682 2649 745 2679 sqq.
762 2639 795 2681 ρ’.
810 2642 882 2670 518.
898 2650 960 2680 sqq.
973 2645 1029 2670 etc.

177 2677 199 2709 d
222 2680 342 2720 Καθορὸ
358 2680 497 2712 {adca-on
522 2681 625 2715 αὐτοὺς
648 2682 756 2712 ἄνωθεν
770 2682 831 2715 ἀπὸ
845 2683 897 2713 τοῦ
910 2683 1044 2723 βήματος
1064 2683 1223 2718 naaion&
1240 2697 1272 2715 τε
1296 2685 1348 2714 καὶ
1369 2683 1447 2715 δεινδν
1473 2682 1630 2722 infiximu-

137 2734 190 2756 τας
203 2723 255 2753 καὶ
272 2724 511 2763 συνθαμβοῦντας
527 2726 584 2758 «τοῖς
602 2725 774 2764 λεγομέναις.
818 2725 895 2767 Pag.
911 2729 983 2757 535.
1000 2727 1039 2756 E.
1054 2733 1086 2757 et
1100 2725 1174 2757 alibi
1189 2726 1222 2757 in
1237 2737 1276 2757 eo
1292 2727 1377 2757 Dial.

177 2774 195 2795 e
212 2765 343 2804 Optime
357 2766 396 2797 de
412 2766 450 2796 iis
466 2772 594 2806 putatur
609 2767 764 2806 scripsisse
781 2767 811 2798 S.
829 2769 863 2798 F.
882 2769 1047 2809 Dresigius
1062 2769 1095 2800 in
1113 2770 1292 2801 Comment.
1308 2770 1393 2809 Lips.
1413 2772 1502 2800 1754.
1518 2771 1546 2797 4.
1590 2768 1636 2799 Et

135 2817 205 2849 quae
218 2807 348 2848 quidem
369 2819 468 2841 manu
482 2810 609 2851 congeri
624 2817 775 2850 poterant,
799 2812 955 2852 congessit
969 2812 1022 2843 ine
1038 2812 1184 2853 pleraque
1198 2813 1326 2850 omnia;
1344 2812 1397 2843 sed
1409 2811 1566 2852 judicium
1588 2821 1636 2841 re-

136 2860 207 2923 rIum
222 2849 332 2926 ΙῧεΙιοῐί
346 2852 481 2896 reliquit.
524 2853 599 2886 Hoc
613 2853 667 2896 qui
682 2854 802 2896 quaerit,
826 2855 918 2904 adeat
931 2855 1042 2888 salvem
1067 2855 1191 2889 Gillies’
1220 2856 1352 2897 History
1367 2855 1404 2887 of
1418 2856 1546 2890 Greece,
1562 2853 1636 2885 Vol.

161 2915 168 2923 .
188 2903 214 2925 c.
282 2916 289 2926 .
