1856 3235
602 226 1161 276 PROLEGOMENA.
1538 233 1630 271 225

209 361 384 409 Gravis
408 360 487 407 hic
511 359 561 405 in
585 359 750 422 primis
780 358 943 406 haberi
979 358 1127 404 debet
1166 357 1424 404 auctoritas
1467 355 1627 420 Cycli-

142 444 309 474 corum
334 429 585 490 poetarum
609 423 921 487 aliorumque,
960 423 1040 486 qui
1080 422 1296 468 Homero
1321 430 1462 469 aetate
1486 438 1626 485 prox-

137 492 223 539 imi
245 492 457 539 fuerunt.
529 490 689 536 Pauca
711 498 838 545 sunt,
877 505 984 552 quae
1020 489 1080 535 de
1104 487 1196 534 illis
1222 496 1448 534 constent
1463 494 1494 542 ²,
1533 488 1622 534 etsi

138 574 219 605 eos
259 572 481 619 magnam
522 564 707 618 partem
732 555 891 602 adhuc
928 555 1133 601 Nonnus
1159 569 1270 599 cum
1295 552 1397 598 aliis
1422 552 1625 615 antiqui-

138 623 250 670 tatis
281 620 505 668 studiosis
545 620 768 683 gnaviter
792 620 1031 667 tractavit.
1103 619 1161 665 In
1185 618 1276 664 illis
1310 618 1491 680 paucis,
1520 634 1626 680 quoe

139 688 328 742 scimus,
366 685 460 732 hoc
485 695 561 733 est
584 686 791 733 maxime
816 684 1142 742 memorabile,
1168 683 1299 747 quod
1324 682 1509 746 Cyclici
1529 700 1627 729 om-

137 769 222 800 nes
246 751 350 799 haec
379 750 643 805 Homerica
666 751 867 798 artificia
900 750 978 798 vel
1020 767 1117 797 non
1160 748 1621 804 animadverterunt,

135 817 214 865 vel
250 817 309 864 ab
345 816 609 880 aequalibus
647 817 979 863 animadversa
1017 815 1194 862 imitari
1234 823 1318 861 aut
1364 813 1625 861 noluerunt

137 891 221 930 aut
243 899 343 929 non
365 890 645 946 potuerunt.
716 882 911 929 Etenim
935 881 1068 945 legat
1094 880 1232 927 nobis
1269 880 1440 943 aliquis
1475 879 1625 943 epito-

136 965 237 996 mas
260 947 364 995 illas
390 948 678 1013 Cypriorum
704 955 753 994 et
777 947 978 994 aliorum
1003 947 1215 1010 quinque
1236 945 1517 993 Carminum
1542 961 1628 991 nu-

137 1031 224 1078 per
248 1013 401 1061 editas
417 1018 451 1069 ¹³,
490 1021 540 1061 et
564 1014 854 1077 experiatur,
892 1029 951 1060 an
984 1013 1034 1059 in
1072 1012 1170 1059 ullo
1208 1028 1373 1059 eorum
1413 1011 1627 1074 primari-

137 1096 220 1127 um
261 1079 473 1135 heroem,
511 1087 594 1126 aut
629 1079 901 1143 primariam
942 1079 1201 1133 actionem,
1246 1085 1329 1124 aut
1368 1076 1626 1140 repetitam

139 1162 200 1193 ex
223 1145 394 1192 mediis
417 1146 560 1193 rebus
584 1145 925 1201 narrationem,
965 1144 1117 1207 qualis
1152 1143 1202 1189 in
1245 1142 1466 1207 Odyssea
1502 1151 1575 1189 est
1590 1146 1623 1197 ⁶,

137 1211 357 1274 reperiat.
427 1210 664 1258 Percense
689 1211 807 1258 item
831 1210 1014 1273 reliqua
1036 1209 1162 1256 illius
1203 1209 1294 1256 aevi
1336 1208 1475 1272 epica
1514 1208 1628 1256 Car-

139 1277 271 1323 mina
293 1277 392 1323 sive
417 1276 697 1324 Carminum
732 1284 1032 1340 argumenta,
1071 1274 1395 1337 Genealogias
1428 1274 1630 1321 deorum

142 1350 192 1390 et
236 1341 452 1399 heroum,
509 1342 818 1405 Dionysiaca,
857 1341 1145 1397 Thebaidas,
1198 1340 1460 1404 Epigonos,
1499 1339 1631 1386 Nau-

139 1407 344 1471 pactica,
372 1407 486 1466 alia3
525 1424 676 1454 unum
701 1408 896 1471 quidem
921 1407 1119 1454 heroem
1141 1407 1191 1453 in
1211 1405 1470 1461 nonnullis,
1492 1408 1628 1468 (nam

139 1472 341 1520 fuerunt
362 1473 500 1536 plura
522 1474 815 1536 perbrevia,)
850 1473 901 1519 in
929 1473 1062 1519 nullo
1086 1488 1231 1519 unam
1257 1471 1334 1519 vel
1356 1471 1630 1535 primariam

141 1538 398 1594 actionem,
437 1539 660 1602 episodiis
684 1539 746 1586 ad
769 1539 966 1586 modum
993 1538 1170 1585 Iliados
1194 1538 1522 1593 intertextam,
1550 1536 1630 1583 de-

134 1603 428 1668 prehendes.
501 1604 689 1668 Magno
713 1612 910 1651 auctore
934 1604 985 1651 id
1010 1603 1205 1659 affirmo,
1243 1619 1341 1650 non
1384 1602 1630 1666 conjectu-

137 1686 194 1717 ra
217 1669 406 1717 ductus.
477 1669 554 1716 Ita
585 1670 714 1717 enim
757 1669 1050 1717 Aristoteles
1086 1670 1266 1733 ubique
1302 1668 1535 1732 praedicat
1570 1667 1631 1715 de

144 1735 377 1791 Homero,
414 1735 483 1783 ita
506 1752 617 1783 eum
640 1744 838 1799 propter
862 1736 1001 1783 istam
1026 1735 1176 1799 ipsam
1209 1751 1311 1782 rem
1353 1734 1540 1781 caeteris
1580 1733 1630 1779 in

143 1800 315 1849 eodem
338 1818 519 1865 genere
543 1802 766 1849 omnibus
790 1802 1058 1865 anteponit,
1085 1810 1141 1849 ut
1163 1799 1324 1847 nullus
1350 1816 1514 1848 eorum
1540 1799 1632 1846 hac

141 1866 192 1914 in
232 1883 283 1914 re
324 1867 499 1915 ducem
525 1875 574 1914 et
597 1867 867 1931 principem
891 1884 1031 1914 suum
1071 1866 1287 1914 imitatus
1329 1883 1432 1913 esse
1472 1865 1632 1913 videa-

142 1939 236 1988 tur,
258 1948 319 1980 ne
344 1932 575 1981 Pisander
599 1933 795 1996 quidem
821 1942 904 1981 aut
929 1933 1156 1998 Panyasis
1180 1940 1262 1979 aut
1290 1931 1630 1987 Antimachus,

144 1998 227 2061 qui
251 1999 519 2046 secundum
547 1998 819 2046 Homerum
843 1999 1013 2062 optimi
1038 1998 1278 2045 numerati
1302 2006 1429 2053 sunt,
1451 1997 1632 2044 nedum

146 2062 440 2126 antiquiores
465 2073 514 2112 et
556 2064 757 2128 Cyclici.
830 2065 908 2111 De
950 2065 1121 2128 quibus
1159 2080 1339 2111 novum
1381 2079 1634 2125 argumen-

145 2136 249 2175 tum
274 2129 551 2177 ducendum
591 2139 663 2177 est
688 2147 748 2177 ex
773 2130 874 2193 ipsa
899 2131 1085 2177 ratione
1111 2129 1267 2194 cycli,
1306 2128 1495 2192 qualem
1521 2144 1631 2175 eum

146 2210 206 2241 ex
230 2193 339 2242 loco
364 2195 502 2259 Lycii
528 2195 687 2243 Procli
712 2196 840 2260 apud
867 2195 1093 2243 Photium
1115 2196 1445 2259 cognovimus.
1483 2193 1634 2258 Quip-

144 2276 206 2323 pe
230 2259 326 2308 fuit
347 2260 428 2309 ille
467 2261 730 2309 multorum
773 2263 887 2319 ἐπῶν,
926 2263 984 2309 ab
1024 2261 1174 2309 initiis
1198 2277 1361 2309 rerum
1386 2276 1536 2324 usque
1572 2260 1635 2307 ad

145 2397 206 2421 tur.
253 2391 411 2422 nocerent
427 2403 470 2424 ea.
488 2393 519 2423 ni
537 2393 634 2428 fallor,
651 2403 723 2424 cum
740 2394 874 2433 optimis
889 2404 960 2435 quae
976 2400 1105 2429 exstant,
1125 2393 1324 2425 Carminibus
1339 2398 1524 2431 comparata,
1541 2403 1632 2431 quam

144 2444 209 2465 sero
227 2436 329 2466 Groeci
345 2438 377 2465 in
387 2438 472 2474 po'e‘si
487 2439 653 2467 didicerint
668 2443 760 2467 totum
777 2449 900 2476 ponere,
914 2447 950 2467 ac
965 2448 1004 2467 ne
1024 2437 1191 2467 Horatium
1208 2437 1342 2476 quidem,
1362 2437 1414 2475 qui
1431 2435 1509 2465 illud
1526 2445 1631 2473 praeci-

145 2477 200 2516 pit,
217 2477 284 2518 ejus
300 2477 443 2517 praecepti
460 2479 585 2509 eosdem
602 2479 679 2509 fines
693 2490 730 2510 ac
746 2487 867 2510 nostros
882 2481 1083 2519 philosophos
1097 2480 1301 2510 constituisse.
1347 2479 1452 2509 Erunt
1472 2478 1538 2508 haec
1555 2488 1632 2517 prae-

145 2520 236 2559 cipue
257 2520 286 2550 ei
308 2521 514 2561 disquirenda.
538 2522 591 2562 qui
614 2522 756 2552 dramata
780 2523 961 2553 Graecorum
987 2523 1026 2553 ad
1049 2524 1184 2564 antiquae
1207 2524 1279 2552 artis
1303 2522 1386 2562 leges
1404 2522 1528 2561 exigere
1543 2521 1633 2550 volet.

148 2562 270 2598 Quodsi
286 2564 318 2593 in
333 2566 381 2594 his
396 2566 508 2603 saepius
523 2567 562 2595 ab
578 2565 722 2595 historica
737 2567 855 2595 ratione
871 2565 998 2596 deflexit
1018 2566 1207 2602 Aristoteles,
1232 2572 1320 2595 tanto
1335 2565 1436 2605 tnagis
1450 2564 1634 2595 admiranda

150 2611 196 2636 est
208 2605 263 2635 viri
279 2608 502 2646 perspicacitas,
521 2619 582 2648 qua
599 2608 748 2638 saeculum
765 2619 857 2638 suum
875 2609 1082 2647 praecucurrit.

191 2658 210 2677 a
232 2649 370 2680 Collecta
385 2652 458 2686 haec,
483 2651 538 2685 vel,
564 2651 615 2681 ubi
632 2651 688 2681 viri
704 2651 785 2681 docti
802 2652 991 2691 collegerint,
1018 2652 1192 2682 indicatum
1215 2651 1248 2681 in
1266 2651 1384 2681 Fabric.
1402 2651 1439 2681 B.
1466 2649 1506 2679 G.
1528 2649 1565 2679 T.
1594 2649 1633 2681 1..

148 2691 239 2764 cIquus
252 2702 340 2731 praec.
356 2693 415 2724 vid.
431 2704 459 2733 p.
475 2697 547 2726 379.
563 2704 626 2735 sqq.
644 2704 713 2724 nov.
729 2694 775 2725 ed.
792 2701 823 2724 et
840 2695 958 2734 Heynii
973 2694 1221 2734 copiosissimum
1238 2695 1314 2724 Exc.
1333 2694 1360 2724 Ι.
1381 2694 1420 2724 ad
1447 2693 1534 2733 Virg.
1561 2692 1635 2721 jin.

192 2778 211 2807 b
236 2777 276 2807 In
292 2777 416 2809 ineditis
429 2780 514 2810 Fasc.
535 2780 565 2810 Ι.
579 2779 660 2810 Bibl.
676 2780 773 2821 antiq.
787 2780 844 2810 litt.
861 2787 892 2810 ot
907 2781 1020 2810 artium
1037 2780 1212 2811 novissimae
1230 2780 1390 2819 Goetting.

188 2829 206 2850 c
232 2820 314 2850 Nam
329 2821 360 2851 in
379 2822 480 2853 Iliade
496 2823 646 2853 naturalis
660 2830 706 2854 est
721 2824 797 2853 ordo
813 2834 917 2853 rerum
933 2831 1099 2864 gestarum,
1120 2834 1178 2854 nee
1193 2823 1317 2853 initium
1337 2824 1444 2861 primae
1464 2818 1634 2856 rhapsodiae

148 2860 294 2893 lectorem
311 2864 399 2894 aliter
414 2865 499 2895 ducit
511 2866 543 2896 in
559 2866 699 2896 medium
717 2877 844 2897 cursum
861 2877 973 2902 rerum,
998 2873 1091 2907 atque
1107 2874 1142 2897 ut
1158 2867 1191 2896 fit
1206 2867 1238 2896 in
1254 2867 1372 2895 caeteris
1388 2863 1558 2902 rliapsoudiis
1573 2862 1636 2901 ple-

147 2905 263 2946 risque:
291 2917 316 2937 v.
333 2917 357 2937 c.
374 2908 405 2937 in
423 2908 597 2952 Ἀριστείαις,
615 2909 647 2939 in
664 2910 777 2951 quibus
792 2910 869 2940 illud
884 2920 1008 2951 quoque
1032 2910 1168 2941 notabile
1183 2916 1237 2946 est,
1261 2908 1344 2950 quod
1368 2908 1476 2938 hero'e's
1490 2906 1581 2947 plane
1595 2906 1637 2936 sic

150 2949 373 2987 producuntur,
390 2952 477 2992 quasi
493 2958 585 2984 antea
600 2963 663 2983 non
680 2954 941 2994 comparuissent.
988 2953 1057 2984 Vid.
1074 2953 1105 2983 in
1123 2963 1165 2992 pr.
1184 2959 1214 2983 Α.

189 3009 280 3045 Vox..
310 3013 354 3047 V.
870 3015 895 3049 F
922 3013 939 3046 f
