1856 3235
584 237 722 287 PRO
730 237 1142 287 LEGOMENA.
1517 239 1609 282 259

118 375 284 431 pareat
303 384 334 413 ³.
403 365 578 427 Neque
602 380 716 410 vero
741 367 936 410 aliunde
961 364 1188 410 subvenit
1228 365 1403 410 certior
1425 365 1601 412 notitia

122 431 419 480 celeberrimi
441 429 758 484 monumenti,
797 429 942 491 quod,
978 435 1104 475 teste
1143 427 1416 484 Plutarcho,
1455 429 1604 477 solam

122 498 277 544 Iliada
317 494 572 543 continuit.
656 493 898 541 Praeterea
938 493 1201 557 comparati
1238 492 1364 539 inter
1405 510 1453 540 se
1493 494 1604 542 Plu-

120 563 316 610 tarchus
340 567 388 607 et
412 559 584 606 Strabo
608 559 895 622 significant,
932 559 983 605 in
1006 575 1064 606 ea
1097 557 1308 621 plurium
1350 557 1601 606 hominum

121 629 374 676 doctorum
399 632 449 672 et
487 625 636 688 ipsius
663 624 934 672 Alexandri
959 623 1029 670 M.
1054 622 1405 671 emendatrices
1428 640 1600 672 manus

121 697 381 754 occupatas
404 689 551 738 fuisse
570 694 605 736 ¹³.
677 690 865 746 Quodsi
888 697 1095 752 uterque
1116 689 1290 736 horum
1314 688 1605 751 scriptorum

115 757 242 804 >fidos
267 756 424 806 duces
441 762 638 804 secutus
663 763 750 812 est,
787 755 1069 802 Alexander
1092 754 1300 817 primum
1325 770 1353 800 a
1375 753 1607 816 magistro

121 821 351 886 Stagirita
374 829 629 885 acceperat
651 820 828 868 librum
859 820 1011 876 illum,
1049 836 1193 883 quem
1222 836 1336 866 mox
1378 819 1608 866 comitem

121 887 447 951 expeditionis
471 903 635 934 secum
660 886 800 933 duxit
823 886 874 932 in
916 885 1099 941 Asiam,
1135 901 1319 948 perque
1356 884 1611 932 intervalla

119 952 432 1017 negotiorum
455 964 554 1014 una
577 968 690 1000 cum
721 950 1019 999 Callisthene
1057 958 1106 998 et
1148 949 1442 997 Anaxarcho
1461 965 1476 984 ⁶
1512 949 1609 998 lec-

118 1025 224 1066 tum
270 1034 451 1081 suaque
496 1034 644 1064 manu
684 1025 922 1072 notatum,
961 1025 1191 1080 tanquam
1224 1015 1608 1077 pretiosissimum

117 1085 305 1131 huma-ni
329 1084 470 1131 animi
492 1099 607 1146 opus
629 1083 680 1130 in
705 1082 1076 1146 exquisitissimo
1114 1081 1309 1133 Persico
1338 1080 1515 1128 scrinio
1538 1098 1611 1129 re-

118 1150 296 1214 posuit.
367 1149 467 1205 Qui
503 1149 661 1197 codex
685 1166 746 1195 an
786 1155 958 1212 postea
979 1147 1170 1195 venerit
1191 1147 1242 1193 in
1264 1146 1611 1194 bibliothecam

121 1214 509 1271 Ptolemaeorum,
547 1223 597 1261 et
620 1232 647 1261 a
671 1231 767 1278 quo
793 1213 979 1262 Critico
1003 1213 1246 1261 adhibitus
1271 1211 1332 1258 sit
1365 1211 1427 1258 ad
1451 1228 1612 1259 emen-

121 1280 352 1336 dandum,
389 1280 764 1328 incertissimum
789 1287 885 1337 est3
924 1278 1169 1327 adhibitus
1195 1277 1325 1324 enim
1350 1293 1452 1324 esse
1478 1277 1612 1325 vide-

123 1346 164 1393 ri
193 1353 370 1410 potest.
442 1346 536 1393 Sed
578 1345 733 1393 multo
772 1345 1102 1408 frequentiore
1139 1360 1230 1391 usu
1266 1342 1613 1406 interpretibus

120 1411 237 1459 trita
260 1411 526 1476 reperimus
552 1411 767 1475 ejusdem
787 1409 1060 1474 philosophi
1077 1410 1369 1473 Ἀποξῆματα
1393 1424 1478 1455 seu
1507 1410 1614 1472 Hgo-

123 1479 334 1540 βλῆματα
373 1479 588 1541 Ὀμηξικά
626 1485 676 1524 et
714 1478 1004 1541 Ἀποξῆματα
1046 1476 1253 1530 ποιητικά,
1305 1490 1366 1521 ex
1407 1489 1614 1537 quorum

122 1559 324 1606 operum
359 1543 534 1607 priore,
590 1542 799 1590 maxime
838 1543 888 1588 in
931 1541 1133 1589 Scholiis
1171 1539 1440 1603 Porphyrii,
1476 1538 1617 1602 plura

122 1616 394 1672 supersunt,
432 1608 564 1655 unde
588 1624 688 1655 non
710 1607 985 1671 fragmenta
1009 1607 1205 1670 quidem
1237 1613 1288 1653 et
1326 1605 1430 1668 ipsa
1468 1605 1616 1652 verba

124 1673 418 1729 Aristotelis,
446 1673 531 1721 sed
555 1680 719 1721 tamen
745 1673 846 1736 ejus
870 1673 1108 1720 rationem
1132 1670 1484 1734 interpretandi
1505 1686 1619 1734 cog-

121 1755 325 1787 noscere
347 1739 518 1787 licebit
535 1749 569 1786 d.
638 1739 795 1787 Nobis
818 1755 950 1794 vero,
984 1737 1035 1784 in
1058 1736 1259 1784 historia
1282 1744 1448 1784 textus
1471 1735 1618 1783 unice

127 1805 400 1869 occupatis,
432 1805 704 1853 omittenda
726 1811 839 1852 sunt
860 1804 966 1852 haec
993 1811 1043 1851 et
1067 1802 1252 1859 similia,
1291 1818 1439 1865 quum
1464 1817 1619 1848 unum

125 1869 220 1918 hoc
242 1871 418 1919 iterum
443 1871 789 1926 monuerimus,
826 1870 958 1933 quod
980 1869 1083 1933 ipse
1124 1867 1294 1916 titulus
1333 1865 1526 1914 illorum
1565 1866 1619 1913 li-

124 1937 322 1984 brorum
345 1936 546 1992 indicat,
575 1936 678 2000 jam
703 1944 816 1983 ante
853 1934 1109 1983 conditum
1146 1948 1366 1981 museum
1406 1931 1620 1980 Alexan-

127 2001 322 2049 drinum
344 2003 631 2066 προβλῆματα
656 2018 691 2047 s.
719 2002 941 2064 ζητήματα
966 2007 1015 2047 et
1050 2001 1183 2053 λύσεις
1223 1998 1491 2046 oblectasse
1530 1998 1620 2044 oti-

125 2083 208 2114 um
233 2067 503 2123 doctorum,
544 2083 605 2114 ex
629 2067 783 2130 iisque
810 2065 1123 2113 curiosiorem
1166 2079 1360 2111 omnem
1383 2063 1619 2126 interpre-

125 2131 361 2180 tationem
385 2132 739 2180 sententiarum
773 2138 934 2179 ortum
960 2129 1160 2194 cepisse.

165 2267 184 2287 a
205 2255 281 2286 vid.
303 2255 343 2286 ad
357 2259 394 2293 β’.
409 2259 460 2288 53.
481 2255 581 2287 ubiin
596 2256 633 2287 αι’.
652 2259 721 2287 187.
746 2255 823 2286 ἄντα
839 2254 993 2285 scribitur.
1036 2252 1114 2284 Fide
1133 2252 1278 2293 digniora
1298 2256 1381 2287 sunt,
1405 2259 1476 2292 quae
1491 2249 1622 2281 tradun-

124 2305 177 2330 tur
195 2299 235 2330 ad
250 2301 287 2339 φ’.
303 2301 374 2330 252.
391 2301 471 2330 etin
488 2299 647 2330 Theocriti
671 2298 803 2329 Scholiis
825 2297 866 2328 ad
889 2297 1001 2337 Odyss.
1018 2296 1061 2327 π’.
1090 2299 1159 2327 176.
1176 2295 1231 2326 ubi
1254 2305 1281 2325 v.
1305 2295 1443 2329 Barnea,
1466 2293 1622 2334 longeque

125 2342 216 2382 plura
230 2352 268 2372 ex
283 2343 342 2372 hoc
358 2352 472 2383 genere
484 2342 518 2372 in
540 2342 615 2382 ipsis
632 2341 714 2381 Opp.
741 2341 869 2371 Aristot-
913 2341 964 2370 Ac
986 2339 1061 2370 talia
1082 2339 1115 2369 in
1138 2339 1175 2369 iis
1191 2338 1276 2369 libris
1291 2337 1368 2378 ejus,
1383 2337 1437 2378 qui
1453 2337 1622 2376 perierunt,

125 2385 366 2427 aliquammulta
383 2385 480 2416 fuisse
499 2385 646 2415 credibile
667 2391 721 2420 est,
745 2385 840 2414 etiam
866 2383 1091 2414 illustrationes
1117 2382 1295 2417 lectionum,
1317 2379 1494 2420 cujusmodi
1510 2379 1564 2409 illa
1577 2385 1624 2410 est

125 2438 173 2468 ap.
191 2428 309 2459 AElian.
327 2427 368 2459 N.
388 2429 428 2458 A.
446 2428 522 2458 XV.
539 2431 590 2458 28.
636 2428 676 2457 In
694 2427 824 2458 Venetis
839 2426 878 2457 ad
893 2425 931 2464 β’.
948 2429 1020 2457 447.
1032 2432 1063 2456 et
1077 2425 1103 2456 ι’.
1118 2429 1170 2456 21.
1183 2425 1280 2456 cuivis
1294 2428 1429 2464 apparet,
1446 2421 1623 2453 Aristotelis

124 2480 244 2502 nomen
259 2471 449 2502 mutandum
465 2481 531 2501 esse
547 2471 579 2500 in
596 2470 824 2510 Aristophanis.

166 2516 187 2545 b
209 2515 310 2545 Strab.
326 2514 432 2545 XIII.
456 2525 485 2554 p.
503 2517 574 2546 594.
599 2514 700 2554 (888.)
725 2513 810 2544 Plut.
835 2513 869 2543 in
895 2512 986 2543 Alex.
1008 2523 1037 2552 p.
1060 2515 1131 2543 668.
1156 2511 1197 2541 D.
1243 2510 1296 2541 De
1323 2508 1496 2540 Alexandri
1517 2507 1623 2538 studio

126 2556 373 2588 numericorum
390 2557 578 2587 Carminum
593 2556 663 2586 vide
677 2557 733 2586 viri
759 2561 901 2587 accurate
923 2555 1005 2585 docti
1023 2555 1076 2585 Ste
1101 2554 1195 2585 Croix
1220 2553 1365 2584 Examen
1387 2552 1441 2582 des
1457 2551 1623 2581 historiens

125 2599 340 2631 d’Alexandre
355 2600 384 2631 le
403 2599 458 2630 Gr.
476 2611 504 2640 p.
524 2603 600 2635 113„
618 2599 656 2630 de
673 2599 810 2630 editione
831 2605 938 2629 autem
961 2601 999 2640 ιι-’ῇ
1014 2600 1045 2629 ὲκ
1061 2599 1111 2628 τοῦ
1127 2598 1267 2639 νάρθηκος
1283 2594 1468 2626 dissidentes
1485 2595 1621 2633 Giphan.

126 2642 221 2673 Praef.
235 2643 275 2674 ad
291 2643 331 2674 Il.
346 2648 377 2674 et
398 2643 525 2674 Kuster.
547 2643 587 2673 ad
611 2642 696 2673 Suid.
712 2642 751 2672 T.
775 2642 822 2673 11.
845 2652 875 2681 p.
899 2644 927 2672 8.
950 2647 981 2672 et
1003 2641 1179 2672 Burmann.
1203 2639 1269 2670 Sec.
1284 2638 1325 2669 ad
1340 2639 1447 2670 Vales.
1464 2635 1621 2668 Emendd.

172 2737 190 2758 c
212 2728 264 2759 De
277 2729 335 2760 hoc
347 2728 420 2760 vide
434 2729 504 2760 loca
519 2739 568 2769 ap.
580 2729 710 2769 Menag.
726 2728 765 2758 ad
776 2727 877 2759 La‘ert.
895 2727 958 2757 IX.
978 2729 1028 2759 58.
1053 2726 1259 2757 Callisthenes
1270 2725 1343 2756 satis
1360 2730 1460 2755 notus.

169 2771 191 2801 d
215 2771 298 2802 Vide
320 2771 361 2803 nd
375 2772 414 2809 β’.
431 2775 564 2804 55.169.
579 2775 648 2803 183.
665 2775 736 2803 305.
750 2771 851 2802 Calai.
869 2773 937 2802 156.
961 2770 1000 2811 γ’.
1015 2773 1086 2801 276.
1105 2773 1176 2801 277.
1199 2769 1231 2799 δ’.
1254 2772 1303 2799 88.
1327 2771 1376 2800 93.
1400 2770 1471 2798 297.
1496 2765 1523 2795 ε’.
1549 2766 1620 2794 741.

126 2816 199 2845 778.
211 2814 244 2855 ζ’.
261 2818 332 2846 ‘234-
349 2815 382 2849 π’.
397 2819 448 2847 93.
469 2819 541 2846 228.
557 2817 582 2846 ι’.
602 2818 650 2846 17.
665 2816 702 2846 κ’.
718 2818 767 2847 98.
793 2817 862 2846 153.
888 2817 959 2845 252.
976 2817 1006 2844 ν’.
1022 2816 1094 2845 295.
1117 2816 1160 2844 π’.
1174 2815 1246 2843 253.
1264 2814 1299 2843 τ’.
1326 2814 1393 2841 108.
1419 2809 1465 2847 ψ’.
1488 2811 1560 2839 269.
1583 2806 1628 2837 ω’.

132 2859 180 2888 15.
202 2860 276 2889 569.
319 2857 476 2889 Praetereo
489 2858 566 2895 loca,
582 2858 635 2889 ubi
651 2857 768 2898 aliquid
790 2867 828 2888 ex
844 2856 976 2892 Poliu'is,
992 2866 1029 2887 ex
1047 2854 1131 2886 Hist.
1152 2861 1253 2886 natur.
1267 2853 1422 2887 laudatur,
1444 2850 1567 2891 aliaque
1588 2855 1628 2898 ut

129 2899 170 2930 ad
181 2899 219 2931 λ’.
237 2902 306 2931 115.
322 2901 362 2932 ae'.
381 2904 460 2936 149„
478 2908 510 2932 et
525 2912 563 2933 ex
581 2901 756 2932 Rhetoricis
766 2901 862 2940 petita
876 2899 930 2930 illa
945 2899 984 2930 ad
1000 2902 1037 2930 α’.
1051 2902 1123 2930 303.
1138 2901 1209 2929 481.
1256 2896 1398 2928 Omnino
1415 2894 1446 2923 in
1463 2893 1625 2941 hisomn17

128 2942 190 2973 bus
204 2953 371 2983 perparum
388 2943 562 2984 adjumenti
571 2951 617 2975 est
631 2945 671 2975 ad
685 2944 853 2975 tollendam
866 2943 1085 2974 obscuritatem
1098 2940 1322 2972 sententiarum
1338 2945 1368 2970 et
1379 2938 1556 2976 verborum,
1567 2941 1625 2966 ets}

126 2986 285 3018 nonnulla
299 2987 374 3019 satis
388 2994 462 3019 sunt
477 2987 642 3030 ingeniosa
655 2994 684 3020 et
700 2987 739 3020 ad
755 2987 916 3020 historiam
933 2984 1195 3026 interpretationis
1209 2982 1306 3014 utilia.
