1856 3235
570 215 893 265 ‘OMHPOT
928 213 1194 263 ‘TMNOL

1512 215 1618 267 113

176 369 243 420 10
273 364 428 422 Ἵλαος
455 360 506 413 ὢν
535 362 731 432 {vt-&enm
759 358 835 413 σὺν
862 358 1004 432 αἰδοίη
1031 382 1079 411 τε
1106 358 1216 431 φίλῃ
1245 381 1291 410 τε

275 438 401 509 'Is-ln·
442 435 688 507 ἀμφότεροι
715 437 809 507 γαξ
839 418 1082 504 ἐπιχθονίων
1109 433 1326 505 ἀνθξωπων

268 496 498 569 Εἰό6τες”
480 533 699 582 εξγματα
719 510 871 570 καλοὶ,
900 509 971 577 νόῳ
998 510 1048 560 θ’
1073 507 1268 560 ἕσπεσθε
1297 531 1375 560 και
1403 533 1424 567 η
1472 533 1510 581 ῃ.

269 591 412 656 Χαῒξε
431 585 569 656 Κςόνε
592 583 820 656 θύγατερ,
845 583 901 636 σύ
920 606 985 646 τε,
1003 583 1083 635 καὶ
1105 581 1413 655 χξυσόρῥαπις
1431 568 1617 656 Εξμης·

269 659 434 731 Αὐταξ
463 657 569 725 ἐγων
598 657 734 729 ὑμέων
762 681 808 711 τε
838 682 918 710 και
946 656 1098 718 οἵλλης
1125 658 1316 729 μνήσομ’
1345 657 1507 718 ἀοιδῆς·

1362 507 1428 527 NH

211 825 250 853 10
271 796 432 860 Propitius
447 819 600 850 auxiliare
614 827 688 849 cum
705 818 944 860 verecundaque
954 827 1089 860 caraque

274 875 390 906 Vesta:
414 874 509 904 ambo
524 873 610 904 enim
625 874 818 904 terrestrium
833 873 1003 904 hominum

273 929 411 961 scientes
425 938 520 967 opera
536 928 676 968 pulchra,
693 935 896 969 mentemque
912 926 1080 970 sequimini
1096 933 1128 958 et
1142 928 1346 968 pubertatem.

273 983 363 1014 Salve
388 982 515 1013 Saturni
532 982 597 1013 filia
612 988 710 1023 tuque
725 988 757 1013 et
772 983 929 1023 aurivirga
946 981 1144 1013 Mercurius:

273 1038 321 1069 At
336 1047 396 1079 ego
409 1042 611 1078 vestrumque
624 1042 656 1068 et
669 1037 797 1068 alterius
812 1047 936 1069 memor
950 1047 1004 1068 ero
1019 1036 1181 1068 cantionis.

123 1179 250 1202 sensum
264 1179 329 1200 non
342 1170 468 1200 habent.
515 1169 670 1200 Scribam.
699 1169 774 1209 φίλα
790 1177 855 1212 φρο-

126 1213 207 1245 νέοντ’
232 1213 385 1248 ἀλλήλοις,
408 1211 458 1242 vel
478 1211 581 1241 lenius
603 1222 678 1242 cum
702 1213 853 1247 Illartzno,

123 1259 209 1297 φ’λαι
247 1263 323 1297 peso.
354 1257 470 1287 ἀλληλ.
524 1255 713 1294 Quanquam
751 1254 854 1293 potius

125 1304 227 1329 totum
241 1307 367 1328 versum
389 1296 565 1333 deleverim,
582 1306 677 1337 quem
699 1295 856 1327 addidisse

126 1341 260 1378 videtur,
285 1341 340 1389 qui
364 1350 438 1370 cons
425 1350 555 1380 sequens
585 1341 691 1370 deesse
722 1345 853 1378 putaret,

125 1384 208 1425 quod
224 1390 269 1414 est
283 1383 316 1413 in
332 1393 359 1413 v.
378 1386 424 1413 13.
440 1388 476 1413 ut
490 1393 516 1413 v.
535 1387 583 1414 10.
600 1387 647 1413 11.
663 1390 854 1421 ponerentur

126 1433 200 1458 ante
226 1431 254 1458 9.
311 1426 395 1456 Nam
426 1427 562 1457 Martini
586 1426 714 1466 quidem
747 1426 774 1457 Ι.
803 1429 852 1457 27.

125 1468 363 1509 transpositione
385 1468 482 1499 voluit
504 1469 665 1499 consulere
681 1469 852 1504 sententiae,

127 1522 222 1553 quem
246 1518 368 1543 secutus
394 1517 440 1541 est
466 1514 647 1542 Barnesz’us.
694 1511 755 1541 Sed
779 1511 854 1552 quid

127 1562 179 1590 est,
204 1558 324 1595 utrique
339 1556 513 1585 mortalium
536 1556 681 1585 habitatis
706 1556 855 1593 pulchras

125 1600 234 1636 domos,
251 1598 271 1630 i.
285 1607 314 1629 e.
328 1598 439 1638 templa
453 1603 507 1628 etc.
523 1599 649 1629 scientes
671 1608 762 1638 opera
780 1599 854 1638 pul-

1115 1168 1179 1200 Sed
1204 1169 1249 1200 ita
1265 1169 1419 1200 sententia
1444 1170 1516 1200 satis
1548 1172 1627 1202 bene

897 1212 1051 1251 procedit.
1079 1218 1111 1241 et
1124 1219 1159 1241 tu
1184 1212 1343 1252 Argicida,
1366 1213 1455 1244 Jovis
1477 1220 1507 1244 et
1530 1214 1627 1245 Maiae

897 1254 950 1290 fili,
968 1255 1112 1284 minister
1135 1254 1287 1290 Deorum,
1311 1265 1405 1285 aurea
1419 1256 1506 1297 virga
1529 1257 1625 1298 insig-

899 1297 954 1332 nis,
981 1297 1070 1327 dator
1098 1298 1264 1332 bonorum,
1290 1298 1440 1337 propitius
1472 1301 1627 1331 auxilium

898 1339 946 1370 fer
960 1350 1034 1370 cum
1057 1339 1233 1370 veneranda
1255 1346 1286 1370 et
1300 1350 1370 1371 cara
1394 1341 1496 1373 Vesta.
1543 1344 1628 1374 Nam

896 1393 950 1413 vos
964 1384 1057 1413 ambo
1072 1384 1238 1414 hominum
1265 1384 1361 1414 nostis
1386 1385 1514 1424 pulchre
1537 1387 1627 1424 facta,

896 1432 928 1456 et
953 1427 1183 1468 prosequimini
1209 1437 1267 1458 nos
1297 1428 1404 1458 animo
1429 1435 1461 1460 et
1488 1430 1627 1470 juventa.

899 1470 1102 1510 Relinquitur
1117 1476 1223 1500 tamen
1247 1470 1366 1512 aliquid
1395 1471 1483 1503 duri:
1508 1483 1566 1504 nec
1580 1484 1627 1504 sa-

897 1513 966 1543 nari
981 1513 1053 1543 satis
1069 1523 1158 1552 posse
1172 1515 1258 1544 hunc
1277 1515 1433 1555 hymnum
1455 1516 1521 1547 sine
1542 1516 1629 1548 libris

897 1556 1017 1596 scriptis
1030 1562 1118 1595 puto.

897 1171 972 1201 clzra
995 1175 1054 1200 etc.

472 1807 577 1858 ΕΙΣ
620 1809 908 1858 ΜΗΤΕΡΑ
948 1812 1270 1860 ΠΑΝΤΩΝ.

275 1954 408 2006 ΓΑΙ
411 1958 509 2005 AN
534 1955 858 2046 παμμῆτειξαν
885 1955 1101 2026 ἀείσομαι
1129 1955 1424 2050 ἦῦθέμεθλονί

274 2033 322 2080 Π
324 2026 604 2099 ξεσβίςην,“
579 2053 602 2087 η
633 2028 849 2101 φεξβει,’
837 2031 905 2082 επὶ
933 2031 1070 2100 χθονι
1096 2032 1234 2083 mcv&
1264 2031 1381 2085 ὀνκ-ὄπ’
1412 2033 1515 2097 ἒςιν,

276 2102 339 2153 Ἠ
364 2100 501 2170 μὶν”
472 2125 559 2154 οσα
584 2102 727 2173 χθόνα
754 2103 900 2156 δῖαν“
879 2103 1142 2177 υπὲξχεται,
1170 2106 1281 2165 ἠδΗ
1261 2129 1349 2159 00¹·oe
1374 2107 1536 2172 πόντον,

244 2175 431 2228 ’'‘H3
411 2175 499 2229 ὅσα
524 2180 764 2243 «πωτῶνται,
789 2179 897 2231 ταόε
928 2179 1190 2273 φὲξβεται’
1177 2203 1228 2232 εκ
1254 2180 1369 2235 σέθεν
1395 2180 1535 2259 ὁλβε.

205 2254 240 2306 5
278 2252 366 2302 Ἐκ
392 2249 463 2304 σέο
491 2251 527 2304 δ’
558 2250 760 2313 ευπαιόές
788 2277 836 2306 τε
863 2255 943 2306 καὶ
973 2253 1183 2329 εὕκαξποι
1211 2255 1432 2321 τελέθειν-ι,

276 2325 463 2378 Πότνια’
492 2349 568 2379 σευ
597 2326 675 2380 dm
657 2351 816 2398 exse-ou
845 2329 968 2383 ὃέναι
995 2331 1111 2395 βίον,
1139 2331 1201 2391 ἧδ’
1231 2332 1500 2398 ἀφελέσθαι

279 2405 461 2460 Θνητοῖς
489 2402 775 2474 ἀνθξωποισιν
805 2403 825 2455 ὁ
853 2403 890 2456 δ’
919 2403 1153 2470 ὂηλβιος,
1123 2431 1165 2459 ον
1192 2430 1241 2460 κε
1273 2407 1330 2461 σὺ
1358 2411 1500 2481 θυμῷ

280 2551 484 2582 TERRAM
506 2552 651 2585 omnium
667 2558 801 2585 matrem
816 2565 936 2593 canam,
952 2558 1033 2588 bene
1048 2557 1224 2595 fundatam,

279 2605 554 2647 Antiquissimam,
570 2618 641 2649 quae
656 2609 755 2640 nutrit
770 2609 804 2640 in
818 2615 901 2641 terra
915 2613 1023 2643 omnia
1037 2623 1232 2656 quaecunque
1250 2621 1331 2653 sunt,

281 2660 325 2691 Et
341 2668 419 2702 quot
432 2667 546 2693 terram
561 2662 665 2694 divam
681 2664 840 2702 incedunt,
857 2671 889 2696 et
904 2672 979 2707 quot
995 2674 1139 2706 pontum,

278 2715 324 2746 Et
337 2723 415 2758 quot
429 2718 542 2755 volant,
561 2720 627 2750 haec
643 2721 827 2752 nutriuntur
842 2732 879 2753 ex
897 2723 959 2754 tuis
972 2722 1098 2756 divitiis.

237 2770 259 2800 5
279 2768 343 2800 Per
360 2776 391 2802 te
405 2778 512 2804 autem
527 2773 654 2805 fecundi
669 2780 701 2805 et
716 2775 832 2807 fertiles
847 2782 929 2813 sunt,

276 2824 483 2859 Veneranda:
508 2829 541 2858 in
556 2834 587 2860 te
602 2836 708 2861 autem
723 2831 861 2870 positum
877 2838 923 2863 est
937 2832 1011 2864 dare
1028 2833 1125 2865 vitam
1141 2838 1172 2864 et
1187 2833 1310 2865 auferre

280 2878 471 2915 Mortalibus
484 2883 682 2919 hominibus:
707 2892 739 2918 at
752 2886 804 2918 hic
819 2887 904 2924 felix,
928 2897 1022 2930 quem
1039 2889 1147 2932 utique
1163 2894 1198 2922 tu
1212 2889 1247 2921 in
1261 2889 1368 2921 animo

163 2932 252 2971 Vox„
275 2934 321 2973 V.
862 2943 892 2979 P
