1856 3235
219 220 310 262 5262
669 211 1226 262 PROLEGOMENA.

219 342 431 391 flosculis
457 342 675 391 collectae
699 343 1123 406 conspiciebantur
1142 357 1174 390 ².
1245 342 1305 389 In
1322 342 1397 389 his
1416 349 1578 390 autem
1603 352 1700 392 stu-

220 409 323 464 diis,
351 425 458 472 quae
480 424 612 456 nunc
634 409 843 456 maxime
868 425 1000 455 amor
1023 408 1331 471 antiquorum
1353 407 1698 457 imitandorum

220 474 476 531 excitabat,
513 489 592 521 ars
625 473 719 521 fuit
748 474 1083 534 interpretandi
1118 480 1165 519 et
1199 474 1483 529 emendandi,
1519 473 1698 522 lentius

221 548 464 587 commota
486 547 647 597 antea,
682 538 761 586 cui
786 537 946 584 nullus
970 547 1190 584 veterum
1223 544 1471 600 poetarum
1493 538 1703 602 largiora

219 604 396 668 pabula
432 605 678 668 praebebat
718 620 861 666 quam
903 601 1164 649 Homerus·
1247 602 1373 650 Mox
1413 603 1582 651 eadem
1622 619 1697 651 ars

220 670 446 719 traducta
468 679 541 718 est
564 669 625 716 ad
649 669 764 716 alios
787 675 963 731 poetas,
993 667 1236 730 praecipue
1257 667 1449 731 lyricos,
1473 668 1699 732 tragicos,

220 736 447 791 comicos,
482 737 599 782 item
625 734 687 781 ad
721 733 991 789 historicos,
1028 739 1256 788 oratoreS,
1292 733 1523 790 medicos,
1561 742 1611 781 et
1644 743 1702 782 ut

221 801 445 864 quodque
468 817 623 864 genus
646 799 836 863 insigne
879 806 980 846 erat
1019 797 1298 861 praestantia
1332 813 1494 845 rerum
1535 807 1585 847 et
1620 801 1702 847 ob-

223 866 454 914 scuritate
479 867 750 913 verborum.
821 863 904 911 Ad
927 863 1063 910 illum
1103 879 1244 910 usum
1285 863 1540 911 latissimos
1579 881 1704 912 cam-

219 948 306 995 pos
343 932 530 985 ποικίλης
569 931 810 991 φιλολογίας
838 937 1131 992 aperuerunt
1173 928 1506 985 Grammatici‚
1547 945 1705 993 coepe-

221 1006 429 1060 runtque
453 1004 690 1044 accuratae
720 994 1132 1058 interpretationis
1171 993 1339 1041 silvam
1377 994 1606 1058 colligere
1642 1011 1704 1042 ex

220 1062 501 1124 cognitione
537 1061 765 1116 historiae,
809 1059 1136 1122 chronologiae
1174 1059 1563 1122 reliquarumque
1599 1076 1705 1123 par-

221 1127 341 1174 tium
367 1126 679 1189 antiquitatis,
716 1125 856 1173 simul
878 1125 1030 1188 ipsam
1052 1124 1233 1187 linguae
1268 1124 1459 1172 Graecae
1481 1132 1704 1174 naturam

222 1199 272 1238 et
305 1192 540 1238 rationem
582 1191 799 1246 scrutari,
851 1206 1052 1252 eamque
1092 1189 1153 1236 ad
1191 1189 1324 1252 leges
1379 1189 1613 1253 analogiae
1654 1198 1706 1239 et

221 1257 623 1304 consuetudinem
646 1258 883 1304 bonorum
908 1263 1161 1302 auctorum
1197 1255 1411 1318 exigere,
1447 1255 1706 1316 vocabulo-

220 1338 328 1369 rum
351 1322 502 1369 varias
528 1321 701 1369 classes
741 1321 1029 1377 describere,
1065 1325 1140 1367 τῶν
1176 1318 1318 1366 πολλοὶ
1355 1320 1634 1383 σημαινόντων,
1666 1321 1706 1368 ό-

218 1388 338 1450 μοίων
364 1394 413 1435 et
437 1388 626 1452 διαφόρων
651 1387 1064 1450 dialectorumque
1090 1385 1382 1433 differentias
1407 1385 1622 1443 definire,
1658 1393 1709 1435 et

219 1453 312 1499 alia
352 1453 413 1500 de
449 1453 545 1501 hoc
585 1469 765 1516 genere
805 1452 988 1516 agitare
1024 1451 1245 1515 plurima,
1284 1451 1458 1514 quibus
1496 1451 1704 1499 multum

219 1519 415 1565 mutatis
440 1519 659 1574 subinde,
697 1518 868 1565 misere
892 1517 1144 1573 truncatis,
1182 1517 1233 1563 in
1257 1516 1370 1564 alias
1406 1523 1552 1580 atque
1592 1516 1707 1564 alias

219 1583 396 1631 formas
420 1583 613 1640 refictis‚
649 1584 796 1631 hodie
820 1599 1013 1646 quoque
1036 1583 1085 1629 in
1112 1582 1318 1630 doctiori
1333 1581 1494 1629 studio
1516 1582 1706 1646 lingua-

220 1665 326 1696 rum
351 1666 476 1712 saepe
500 1648 639 1696 inscii
663 1649 867 1696 fruimur
885 1649 919 1695 ‘³-

285 1714 481 1762 Etenim
507 1714 567 1762 de
592 1715 833 1762 sexcentis
858 1730 1040 1769 eorum,
1077 1713 1159 1776 qui
1182 1729 1267 1775 per
1291 1712 1397 1759 haec
1435 1711 1612 1759 saecula
1651 1711 1706 1759 il-

218 1778 481 1836 lustrando,
533 1780 821 1844 corrigendo
863 1779 1267 1842 depravandoque
1307 1777 1528 1824 Homero
1567 1778 1705 1825 incu-

217 1844 442 1902 buerunt,
480 1845 560 1892 vix
596 1846 796 1909 triginta
834 1845 973 1892 nobis
1015 1844 1126 1891 satis
1164 1843 1269 1890 noti
1303 1850 1428 1889 sunt.
1513 1841 1706 1890 Omitto

218 1926 442 1974 magnam
466 1912 655 1959 turbam
680 1927 865 1968 eorum,
897 1910 979 1973 qui
1003 1909 1284 1957 alterutram
1321 1925 1422 1955 rem
1463 1907 1619 1955 obiter
1655 1915 1705 1956 et

217 1974 349 2023 aliud
373 1976 563 2040 agendo
586 1975 809 2024 fecerunt
842 1976 893 2022 in
931 1974 1263 2022 diversissimis
1304 1972 1510 2036 scriptis,
1551 1972 1706 2036 philo-

219 2041 408 2104 sophos,
446 2041 829 2097 mathematicos,
867 2048 1185 2096 astronomos,
1233 2039 1467 2094 medicos,
1520 2038 1709 2086 histori-

217 2122 316 2162 COS,
353 2107 673 2171 geographos,
710 2105 1109 2172 mythographos,
1155 2105 1386 2152 rhetores.
1477 2103 1706 2152 Innume-

219 2171 283 2219 ris
307 2171 479 2219 horum
502 2171 580 2220 vel
602 2173 753 2236 ipsam
778 2171 986 2219 nominis
1010 2170 1289 2218 memoriam
1325 2169 1524 2217 abstulit
1546 2175 1707 2217 vetus-

217 2244 304 2283 tas.
375 2237 572 2284 Nullam
597 2239 726 2285 enim
751 2244 945 2285 aetatem
972 2236 1120 2284 habet
1154 2234 1355 2282 historia.
1395 2242 1617 2283 veterum
1651 2234 1708 2281 li-

216 2308 443 2359 terarum,
479 2303 530 2350 in
555 2320 650 2367 qua
682 2303 912 2367 majorem
940 2301 1184 2365 jacturam
1225 2299 1501 2348 fecerimus.
1572 2300 1706 2357 Quo-

216 2367 501 2431 tusquisque
527 2377 600 2416 est
622 2369 672 2415 in
697 2369 770 2416 his
799 2376 895 2415 250
934 2367 1263 2431 scriptoribus,
1307 2365 1389 2429 qui
1430 2365 1707 2413 excitantur

217 2515 277 2588 οἷ
298 2505 432 2537 Erudite
446 2507 512 2537 haec
528 2514 707 2546 persecutus
721 2513 767 2538 est
790 2506 937 2547 Heynius
962 2506 996 2536 in
1021 2505 1106 2537 Diss.
1132 2505 1170 2537 de
1195 2505 1290 2546 genio
1316 2503 1422 2534 saeculi
1446 2504 1701 2541 Ptolemaeorum,

272 2559 335 2579 usc.
348 2549 435 2580 acad.
461 2549 535 2580 Vol.
555 2550 581 2580 Ι.

257 2593 279 2622 b
302 2592 406 2628 Quam
422 2592 529 2623 multis
544 2591 577 2622 in
592 2594 684 2623 rebus
697 2593 792 2624 etiam
816 2603 901 2623 nuuc
924 2591 1117 2632 pendeamus
1142 2592 1182 2622 ab
1209 2589 1496 2621 Alexandrinorum
1518 2589 1647 2631 judiciis
1671 2595 1705 2622 et

214 2633 491 2670 lucubrationibus,
514 2635 697 2676 singulatim
712 2635 863 2676 exemplis
884 2635 1096 2666 demonstrare
1120 2644 1222 2673 operae
1243 2633 1378 2672 pretium
1402 2632 1514 2663 fuerat.
1560 2633 1612 2663 Sic
1634 2643 1705 2664 om-

214 2677 265 2707 nis
279 2677 344 2708 fere
358 2678 485 2719 vulgata
499 2679 702 2719 chronologia
715 2680 828 2710 horum
843 2685 891 2709 ωε
906 2678 1203 2712 Alexandrinorum,
1226 2677 1270 2707 sic
1295 2675 1538 2706 innumerabilia
1552 2676 1588 2706 iu
1603 2676 1704 2707 subti-

214 2719 300 2750 litate
315 2727 454 2752 veterum
470 2721 660 2762 linguarum,
683 2723 727 2752 sic
741 2722 810 2753 alia.
855 2722 948 2752 Unus
963 2721 1016 2751 ille
1037 2723 1168 2752 delectus
1193 2721 1386 2751 classicorum
1412 2720 1594 2757 scriptorum
1616 2726 1648 2750 et
1668 2719 1704 2749 in

213 2773 338 2804 quoque
351 2774 466 2805 genere
480 2764 666 2804 principum,
689 2774 782 2805 quem
798 2765 851 2795 lib.
868 2765 910 2795 X.
955 2763 1190 2800 Quinctilianus
1214 2768 1246 2792 et
1269 2761 1504 2802 quodammodo
1529 2766 1597 2792 tota
1620 2761 1703 2792 anti-

214 2806 316 2845 quiuis
341 2808 487 2848 sequitur.
519 2808 663 2838 omnium
690 2807 875 2838 saeculorum
898 2806 1001 2838 studia
1032 2813 1064 2837 et
1089 2806 1285 2838 librariorum
1313 2814 1428 2835 manus
1448 2804 1564 2835 direxit
1593 2804 1634 2835 ad
1659 2803 1704 2840 id.

213 2849 299 2888 quod
314 2850 469 2888 optimum
484 2851 596 2881 eratin
617 2849 741 2881 infinita
764 2851 862 2890 copia.
905 2851 1034 2890 Absque
1057 2850 1113 2880 illo
1138 2848 1260 2880 delectu
1286 2853 1374 2883 esset,
1397 2846 1536 2887 profecto
1559 2857 1617 2878 nos
1637 2856 1703 2877 non

214 2891 280 2922 haec
295 2899 503 2925 monumenta
517 2893 701 2936 antiquioris
718 2893 856 2930 Graeciae,
878 2899 911 2925 et
924 2892 1011 2925 haud
1026 2892 1089 2924 scio
1103 2902 1145 2924 an
1159 2891 1266 2923 minus
1279 2890 1458 2932 praestantia
1474 2891 1668 2922 haberemus.
