1856 3235
237 191 332 231 390
722 182 1032 229 ὈΜΗΡΟΥ
1066 182 1237 230 ΒΙΟΣ.

300 311 426 372 Τριῶν
451 306 533 354 δὲ’
514 310 652 353 3σῶν
635 312 841 354 τολιτειῶν
875 308 971 372 πρὸς
1002 310 1247 364 δικαιοσύνην
1269 328 1342 356 και
1368 312 1564 373 εὐνομίαν,
1597 318 1723 377 βασι·

232 385 261 421 7
264 374 347 427 είας
370 392 413 420 τε
435 393 509 419 και
533 372 829 453 ἀριςοκρατίας,
864 373 939 420 καὶ
973 375 1264 438 δημοκρατιας,
1299 375 1374 423 καὶ
1397 397 1574 432 ταυταις
1595 383 1722 428 πάλιν

234 439 506 502 ἀντικειμένων
529 442 638 502 τριῶν
662 436 757 502 πρός
780 439 942 485 ἀδικίαν
976 460 1050 486 και
1075 441 1345 504 παρανομίαν,
1381 444 1618 523 τυραννίδος,
1641 446 1723 493 ὄλι-

231 505 427 568 γαρχίας,
461 504 751 567 ὀχλοκρατιας,
786 503 853 551 ἐδὲ
891 505 1054 558 ταύτας
1086 505 1276 569 ”Ομηρος
1315 508 1466 567 ἀγνοεῖν
1507 509 1620 566 ἔοικε,
1655 511 1724 565 τῆν

230 570 302 634 μὲν
324 570 541 634 βασιλείαν
564 569 612 615 δι’
640 568 733 623 ὅλης
761 573 832 622 τῆς
867 571 1056 623 ποιήσεως
1095 570 1294 632 ὀνομάζων
1333 593 1407 620 και
1446 575 1722 637 ἐγκωμιάζων,

229 639 281 689 ὦς
304 637 339 683 ἐν
361 636 509 688 τέτοις·
544 634 693 697 Θυμος
716 634 755 681 δὲ
777 634 916 696 μέγας
939 634 993 684 ὲςι
1017 635 1240 699 διοτρεφέων
1280 640 1498 699 βασιληων·
1534 641 1650 703 Τιμῆ
1685 642 1718 688 δ’

231 704 278 749 ἐκ
305 701 443 754 Διός’
432 720 499 756 εςι,
524 705 636 759 φιλεῖ
652 700 733 747 δέ“
716 718 731 746 ε
753 719 932 763 μητιέτα
959 701 1071 753 Ζεύς.
1143 701 1232 747 Και
1255 701 1384 748 ὁποῖον
1409 704 1520 751 δοκεῖ
1536 713 1632 752 εὶναι
1655 726 1724 753 τον

230 768 413 831 βασιλέα
436 770 575 824 σαφως
599 765 719 818 δηλοῖ·
756 768 880 812 Λαων
904 766 936 812 δ’
965 766 1059 812 οἶσιν
1083 766 1246 822 α’νασσε,
1281 787 1417 832 πατηρ
1453 770 1485 815 δ’
1526 791 1578 824 ως
1613 772 1728 825 ἤπιος

229 853 302 887 ηέν.
374 830 461 878 Και
487 830 602 878 Οὔτε
626 850 717 877 τινα
740 829 854 895 ῥέξας
877 832 1057 887 ἐξαίσιον,
1093 832 1160 879 ἕτέ
1185 853 1224 879 τι
1259 833 1374 880 elom
1397 835 1472 881 Ἐν
1496 835 1621 898 δῆμω,
1656 838 1720 891 η’τ’

230 899 286 949 ἒςι
310 899 399 951 δίκη
424 897 539 944 Senam
562 897 779 959 βασι7ἄων.
849 896 933 950 Την
959 897 999 944 δὲ
1035 898 1334 979 ἀριςοκρατίαν,
1372 901 1406 946 ἐν
1442 900 1498 953 οἷς
1537 903 1728 949 Βοιωτων

230 964 448 1044 βασιλέας
460 963 574 1009 πέντε
596 966 852 1026 καταριθμεῖ.
923 961 1012 1010 Και
1052 982 1169 1044 παρα
1209 970 1290 1017 τοῖς
1331 966 1507 1021 Φαίαξι·
1543 968 1725 1014 Δωδεκα

230 1029 312 1094 γοὶρ
334 1049 453 1076 κατα
476 1028 640 1090 δῆμον’
621 1046 784 1107 αριπρει
760 1028 850 1080 πέές
883 1030 1081 1090 βασιλῆες
1117 1029 1274 1093 Ἀρχοι
1308 1031 1470 1093 κρίνεσι,
1505 1033 1726 1096 τριςκαιδέ-

229 1115 358 1148 κατος
382 1095 416 1140 δ’
445 1093 524 1154 ἐγω
547 1092 684 1145 αὐτός.
754 1093 1058 1156 Δημοκρατιας
1082 1093 1122 1140 δὲ
1145 1095 1277 1141 εἰκόνα
1302 1096 1471 1176 ἐναργως
1495 1098 1530 1143 ἐν
1552 1101 1606 1160 τῇ
1645 1118 1726 1144 κα-

230 1180 409 1222 τασκευη
435 1179 506 1212 της
529 1158 704 1211 ἀσπίδος
727 1158 766 1205 δε
752 1158 900 1214 ςικνὺει,
937 1159 972 1206 ἐν
996 1163 1018 1222 η’
1046 1159 1114 1206 δύο
1138 1179 1310 1214 ποιησας
1350 1161 1502 1217 πόλεις,
1534 1182 1606 1216 την
1646 1163 1726 1211 ἑτέ-

228 1247 297 1290 ραν
323 1215 679 1288 δημοκρατεῒσῧαί
696 1236 803 1283 φησι,
837 1223 1045 1287 μηδενος’
1023 1225 1268 1288 ηγ3μέν3,
1252 1227 1410 1272 πάντων
1445 1226 1486 1274 δὲ
1524 1247 1620 1292 προς
1658 1228 1728 1283 τὴν

233 1293 384 1339 ἑαυτῶν
404 1291 577 1372 βέςλησιν
600 1309 720 1336 κατα
742 1289 862 1352 νόμ3ς
884 1290 1066 1353 βιὲντων,
1102 1291 1191 1338 ἔνθα
1213 1311 1288 1338 και
1325 1292 1546 1365 δικαςηριον
1568 1295 1728 1354 εἰςάγει.

234 1356 356 1405 Kaz’
345 1376 379 1404 εν
403 1356 523 1419 ἐκείνη
545 1373 593 1416 γε
617 1375 685 1409 την
709 1356 1024 1437 δημοκρατίαν
1009 1376 1228 1420 παριςησιν,
1265 1359 1300 1404 ἐν
1345 1365 1400 1411 οἱς
1438 1370 1545 1417 φησι·
1582 1360 1729 1422 Δημον

232 1423 486 1477 ὑποδδείσας,
522 1421 566 1475 δη
591 1441 674 1485 γαρ
694 1423 962 1482 κεχολάσατο
984 1423 1083 1478 λιην,
1124 1423 1291 1470 Οὕνεκα
1328 1427 1522 1488 ληῖςηρσιν
1562 1425 1730 1472 ἐπισπό-

231 1508 345 1550 μενος
369 1488 586 1547 Ταιῌειοισιν
621 1489 802 1548 Ἠκαχε
840 1488 1100 1552 Θεσπρωτὲς,
1136 1491 1177 1535 οἱ
1211 1489 1244 1535 δ’
1287 1491 1378 1552 ημῖν
1419 1490 1578 1572 ἄρθμιοι
1617 1509 1730 1544 ησαν.

232 1553 315 1601 Τον
339 1554 379 1601 δὲ
401 1554 578 1635 βιαίως
579 1573 653 1599 και
691 1553 936 1617 παρανόμως
972 1554 1168 1618 α’ρχοντα,
1204 1555 1385 1619 τύραννον
1423 1555 1496 1618 μὲν
1533 1557 1558 1603 ἐ
1593 1562 1728 1613 καλεῖ,

231 1639 402 1684 νεωτερον
425 1639 508 1682 γαρ
530 1638 577 1666 το
601 1618 740 1681 δ’·νομα
774 1627 851 1672 οἱος
875 1619 914 1667 δὲ
938 1625 1020 1672 τοῖς
1043 1620 1168 1684 ἔργοις
1192 1621 1363 1681 γίνεται,
1387 1621 1612 1668 δείκνυσιν’
1600 1640 1635 1668 εν
1659 1622 1730 1668 τέ·-

231 1703 326 1739 τοις·
362 1687 437 1738 Εἷς
471 1686 648 1745 ’Έχετον
677 1687 882 1747 βασιληα,
919 1688 1070 1766 βροτων
1111 1686 1316 1749 δηλημονα
1353 1705 1525 1742 παντων,
1558 1687 1650 1740 ‘'O5
1687 1686 1727 1734 κ’

232 1771 319 1799 απο
344 1750 438 1832 ῥῖνα
451 1752 620 1813 τάμησι,
655 1771 729 1797 και
754 1751 867 1797 3ἀτα
891 1760 959 1805 νη)
962 1751 998 1798 έι
1016 1755 1180 1813 χαλκῷ.
1252 1750 1340 1798 Και
1362 1771 1429 1798 τον
1455 1754 1664 1813 Αίγισῧον
1689 1752 1729 1800 δὲ

233 1836 457 1881 τυραννικον
481 1815 680 1875 &wopam
684 1837 710 1871 ι,
747 1836 787 1869 ος
827 1817 984 1863 ἀποκτε
972 1837 1072 1870 ινας
1111 1837 1176 1864 τον
1215 1818 1538 1898 Ἀγαμέμνονα,
1575 1820 1731 1882 ἐκράτει

232 1888 306 1931 τῶν
334 1882 589 1936 Μυκηναίων.
661 1881 750 1928 Και
774 1881 894 1929 ὁπότε
919 1883 1086 1963 ανηρέῧη
1109 1882 1236 1941 φησιν,
1271 1882 1332 1930 ὅτι
1357 1885 1410 1930 ἐκ
1434 1884 1484 1930 ἂν
1509 1883 1630 1964 ἕτυγε
1654 1903 1731 1931 τα-

233 1952 320 2007 φης,
356 1953 459 2012 ε’ίτερ
486 1950 555 1994 ΜΞ
559 1949 621 1995 νέ7
624 1967 695 2000 αος
718 1965 857 2011 παρην·
882 1951 998 1994 Τ3το
1023 1946 1106 2015 γοὶρ
1131 1948 1197 1995 ἐπι
1220 1968 1294 1995 των
1312 1968 1501 2012 τυραννων
1520 1949 1730 2012 νενόμιςαι·

279 2088 436 2119 Caeterum
453 2087 563 2127 tripiex
579 2097 652 2117 cum
668 2088 708 2117 sit
722 2086 838 2126 politia,
863 2086 902 2117 ad
921 2087 1078 2127 justitiam
1094 2093 1126 2118 et
1141 2087 1321 2129 aequitatem
1338 2087 1563 2128 exequendam,
1587 2098 1732 2129 regnum,

233 2132 429 2166 aristocratia,
454 2137 484 2161 et
499 2131 701 2161 democratia:
732 2136 827 2169 atque
849 2131 898 2160 his
919 2141 1019 2170 quum
1034 2141 1140 2161 rursus
1157 2131 1307 2170 oppositae
1332 2131 1402 2166 sint,
1426 2131 1466 2161 ad
1492 2131 1678 2172 injustitiam
1696 2142 1732 2162 ac

232 2175 431 2216 iniquitatem
447 2173 661 2208 exercendam,
677 2174 827 2212 tyrannis,
850 2173 1029 2214 oligarchia,
1045 2180 1077 2204 et
1092 2173 1294 2204 ochlocratia:
1319 2184 1420 2214 neque
1435 2175 1492 2204 has
1509 2174 1672 2205 Homerus
1686 2175 1735 2214 ig-

235 2228 345 2248 norare
362 2217 492 2251 videtur,
509 2218 624 2257 quippe
635 2217 689 2256 qui
704 2226 839 2256 regnum
854 2227 908 2255 per
928 2226 1055 2246 omnem
1071 2217 1179 2255 poesin
1196 2216 1346 2252 nominet,
1363 2227 1400 2247 ac
1411 2217 1553 2252 ceiebren
1570 2224 1606 2248 ut
1621 2217 1653 2248 in
1669 2218 1728 2248 his:

235 2263 295 2292 Est
310 2262 381 2292 Jove
395 2263 511 2291 nutrito
528 2262 593 2299 regi
614 2262 780 2290 iracundia
797 2271 918 2298 magna,
946 2261 1039 2290 Illius
1054 2266 1144 2300 atque
1159 2262 1254 2290 honor
1268 2271 1287 2289 a
1304 2261 1384 2295 Jove,
1410 2262 1491 2300 quod
1500 2262 1663 2300 per-diligit
1686 2263 1734 2300 ip-

235 2315 312 2335 sum.
357 2303 409 2333 Ad
424 2304 499 2339 haec,
523 2302 648 2343 qualem
663 2301 771 2332 deceat
786 2312 850 2332 esse
877 2312 982 2342 regem
998 2303 1197 2342 perspicuum
1213 2303 1296 2338 facit,
1322 2305 1381 2334 Ceu
1406 2305 1491 2334 mitis
1509 2309 1600 2343 paler
1615 2305 1665 2334 hic
1675 2315 1732 2344 po-

231 2348 306 2387 pulo
323 2348 499 2385 imperitare
514 2347 635 2383 solebat,
653 2346 794 2376 Laederet
810 2352 843 2375 ut
858 2356 953 2385 neque
961 2346 1066 2386 facto,
1084 2357 1139 2376 nec
1154 2347 1326 2376 verbotenus
1342 2347 1447 2381 ullum,
1474 2348 1548 2377 Cum
1564 2352 1666 2378 tamen
1682 2348 1732 2377 hic

236 2392 279 2421 sit
299 2401 361 2420 mos
377 2400 490 2428 regum,
507 2391 567 2419 diis
582 2390 637 2428 qui
660 2390 773 2419 similes
788 2395 868 2418 sunt.
914 2388 1116 2418 Aristocratia
1141 2398 1222 2425 vero,
1250 2389 1282 2418 in
1298 2389 1411 2429 quibus
1427 2388 1574 2420 Boeotfim
1595 2389 1735 2430 quinque

236 2441 326 2473 reges
341 2439 513 2462 enumerat.
557 2432 601 2462 Et
619 2430 702 2469 apud
716 2431 880 2461 Phaeacas:
913 2433 972 2462 Ter
995 2433 1068 2462 deni
1086 2434 1120 2462 in
1132 2433 1242 2471 populo
1268 2443 1410 2472 regesque
1435 2435 1583 2472 ducesque
1598 2433 1733 2467 celebres,

236 2477 358 2507 Dicunt
366 2478 454 2517 jura.
471 2476 579 2515 quibus
595 2476 728 2505 decimus
744 2485 826 2505 nunc
841 2477 948 2505 tertius
963 2476 1070 2505 addar.
1118 2474 1328 2505 Democratiae
1342 2485 1416 2505 vero
1430 2475 1601 2514 imaginem
1617 2474 1650 2505 in
1668 2475 1732 2515 cly-

236 2518 288 2559 pei
303 2519 420 2549 fabrica
433 2517 592 2548 evidenter
606 2517 749 2552 ostendit,
775 2517 807 2547 in
823 2527 886 2557 quo
911 2517 1033 2548 duabus
1049 2517 1126 2548 fictis
1140 2518 1277 2552 urbibus,
1302 2517 1431 2548 alteram
1448 2528 1466 2548 a
1480 2517 1598 2557 populo
1619 2519 1735 2558 guber-

236 2561 305 2592 nari
321 2561 404 2596 dicit,
420 2561 549 2591 nemine
563 2561 745 2599 imperante.
770 2560 824 2590 sed
837 2561 958 2590 cunctis
972 2570 1028 2599 pro
1044 2561 1173 2591 arbitrio
1188 2571 1245 2591 suo
1260 2560 1434 2591 secundum
1450 2560 1536 2601 leges
1551 2561 1734 2591 viventibus.

237 2605 303 2637 Ubi
319 2612 349 2636 et
363 2604 469 2634 forum
479 2603 630 2644 judiciale
646 2603 824 2633 introducit.
870 2605 976 2643 Atque
993 2604 1023 2633 in
1040 2604 1094 2633 illa
1108 2603 1330 2634 democratiam
1347 2603 1478 2639 exhibet,
1495 2602 1572 2633 dum
1590 2604 1651 2634 ait:
1676 2606 1734 2635 Sed

234 2651 348 2680 veritus
358 2648 515 2687 populum,
530 2649 554 2677 is
569 2648 717 2686 siquidem
734 2648 937 2677 stomachatus
951 2648 1079 2682 abunde,
1109 2649 1194 2682 Quod
1209 2649 1350 2677 sectando
1367 2646 1628 2687 malos,funestos
1644 2653 1735 2687 atque

236 2694 378 2726 laerones,
401 2691 572 2729 leesprotis
601 2691 715 2724 uberat,
737 2692 793 2729 qui
807 2691 891 2720 nobis
906 2701 1021 2730 semper
1035 2691 1138 2720 amici.
1184 2689 1347 2719 Violenter
1369 2699 1443 2719 vero
1457 2699 1493 2719 ac
1508 2689 1617 2730 inique
1632 2689 1733 2728 irnpe-

235 2741 365 2769 rantem,
382 2740 550 2773 tyrannum
566 2732 693 2773 quidem
711 2742 773 2762 non
796 2733 931 2771 appellat
947 2732 1102 2763 recentius
1116 2733 1200 2763 enim
1217 2732 1295 2762 illud
1311 2742 1436 2767 nomen,
1460 2732 1562 2772 qualia
1581 2742 1653 2763 vero
1667 2732 1736 2773 ejus

236 2784 323 2819 gesta
338 2777 408 2812 sint,
435 2777 468 2806 in
484 2776 534 2806 his
548 2775 699 2806 ostendit.
727 2778 806 2816 Regi
823 2777 937 2806 Eclzelo
952 2777 1081 2811 daberis,
1109 2787 1167 2816 quo
1182 2787 1242 2806 non
1265 2777 1417 2806 crudelior
1438 2777 1524 2810 alter,
1556 2777 1619 2810 Qui
1629 2777 1735 2825 glpdio

236 2832 335 2855 nares,
351 2830 500 2859 auresque
521 2821 636 2850 recidat
653 2825 752 2849 acuto.
798 2818 953 2849 Praeterea
968 2826 999 2849 et
1023 2819 1205 2860 AEgisthum
1229 2818 1428 2858 tyrannicum
1444 2817 1589 2853 declarat,
1613 2818 1733 2859 quiin·

235 2870 388 2903 terempto
407 2864 655 2904 Agamemnone,
675 2862 846 2901 Mycenaeis
860 2861 1089 2893 dominabatur.
1133 2863 1177 2893 Et
1185 2872 1284 2903 quum
1296 2861 1395 2892 eiatus
1410 2866 1495 2897 esset,
1511 2860 1634 2902 inquit:
1659 2860 1734 2892 Non
