1856 3235
210 200 299 242 196
319 219 326 222 -
651 190 1213 243 PROLEGOMENA.

218 324 326 371 illos
360 338 461 369 non
485 323 739 387 scriptores
763 324 849 372 sed
884 325 1044 379 ἀοιδοὺς
1078 324 1226 372 fuisse
1266 322 1529 380 contendo,
1565 320 1721 374 facire

218 405 384 454 passus
409 388 499 435 sim
523 391 814 454 quandoque
849 390 970 438 illud
993 392 1195 438 verbum
1231 390 1471 445 excidere,
1509 405 1571 437 ne
1594 391 1720 439 alte->

220 455 320 502 rius
344 470 470 518 saepe
495 456 690 519 repetiti
714 455 972 503 insolentia
995 456 1224 503 offendat.
1295 456 1387 503 Cui
1407 455 1582 502 rationi
1606 457 1716 503 sub-

213 520 432 585 jicienda
455 530 568 568 sunt
590 521 830 585 permulta
851 521 962 569 loca
994 529 1230 577 veterum,
1269 520 1440 568 similia
1462 520 1580 577 istis,
1607 537 1717 583 quae

220 586 520 634 mentionem
545 588 796 650 scripturae
819 587 1003 634 habent
1024 587 1072 632 in
1097 586 1289 648 legibus
1328 586 1559 649 Lycurgi,
1598 602 1716 649 quas

220 669 367 700 nemo
390 652 564 700 doctus
589 652 702 699 olim
728 652 966 715 scriptura
988 651 1108 698 latas
1132 650 1355 698 credidit.
1427 651 1714 714 Eodemque

221 717 453 766 referrem
479 726 648 765 notum
667 717 836 765 locum
863 715 1167 781 Apollodori,
1203 715 1254 760 in
1279 731 1377 777 quo
1401 715 1464 762 de
1500 717 1716 764 exitiosis

221 784 317 831 illis
341 784 580 831 mandatis
615 783 766 830 Proeti
804 783 858 829 Il.
893 783 943 845 ζ.
989 788 1094 828 168.
1120 796 1299 827 nomen
1324 782 1541 835 ἐπιστολῆς
1557 782 1714 845 ponit,

220 850 486 914 praesertim
510 866 661 912 quum
700 848 765 895 ibi
788 864 958 910 parurn
981 854 1149 910 aptum
1171 845 1343 893 fuisset
1367 845 1548 894 exoleti
1570 847 1718 894 moris

221 915 472 971 indicium,
499 929 825 978 negaremque
851 911 1141 976 Apollodori
1160 911 1252 959 hac
1272 912 1333 959 de
1352 928 1403 959 re
1422 913 1713 960 sententiam

223 997 282 1029 eo
297 981 408 1029 loco
426 980 735 1044 quaerendam
760 994 879 1034 esse,
905 978 995 1025 nisi
1017 979 1120 1041 ipsa
1141 978 1288 1026 verba
1311 994 1341 1025 a-
1360 977 1719 1041 significatione

214 1048 363 1111 jilstae
396 1045 614 1110 epistolae
633 1059 828 1107 prorsus
852 1044 1169 1091 abhorrerent
1186 1045 1220 1090 ¹.

288 1112 404 1168 Quo
427 1110 677 1174 pertinent
698 1110 848 1173 igitur
870 1109 963 1157 ista
985 1110 1162 1157 verba?
1194 1109 1283 1164 Eo,
1308 1108 1359 1155 in
1379 1124 1476 1173 quo
1495 1108 1715 1157 doctissi-

221 1194 325 1224 mos
350 1176 711 1224 Grammaticos
752 1174 1067 1222 Alexandriae
1089 1174 1192 1222 fere
1218 1174 1517 1222 consensisse
1552 1175 1715 1222 statim

222 1242 487 1306 apparebit.
559 1240 876 1288 Mirationem
899 1240 1062 1297 faciet,
1091 1240 1224 1303 quod
1248 1239 1431 1297 dicam3
1466 1247 1519 1287 et
1538 1239 1641 1303 ipse
1664 1240 1718 1287 id

223 1323 555 1371 saepenumero
579 1307 779 1354 miratus
804 1322 908 1353 sum
932 1315 1132 1370 propter
1154 1305 1252 1353 late
1275 1313 1526 1369 patentem
1561 1306 1720 1352 ἀνιστο-

221 1374 356 1438 ςησίαν
380 1373 703 1436 antiquitatis:
740 1371 904 1419 nullus
926 1371 1022 1419 fuit
1044 1372 1095 1418 in
1115 1371 1308 1419 Graecia
1331 1371 1548 1419 eruditus
1571 1371 1719 1419 inter-

222 1455 332 1503 pres
360 1438 580 1495 Homeri,
621 1438 703 1501 qui
727 1438 778 1484 in
802 1438 906 1485 istis
941 1439 1158 1486 versibus
1179 1437 1466 1501 scripturam
1489 1437 1592 1485 veri
1634 1453 1718 1485 no-

224 1505 381 1562 minis,
407 1505 584 1560 nullus,
611 1504 694 1567 qui
719 1521 825 1551 eam
849 1512 1001 1551 artem
1035 1504 1087 1550 in
1112 1503 1418 1552 Carminibus
1452 1502 1579 1550 illius
1603 1502 1718 1550 alibi

224 1587 429 1634 usquam
469 1577 785 1618 memoratam
828 1569 1087 1617 censuerit.
1176 1569 1291 1616 Hoc
1332 1568 1370 1615 si
1411 1568 1490 1616 cui
1530 1576 1716 1616 temere

222 1636 532 1700 pronunciari
556 1635 815 1692 videbitur,
843 1635 1014 1698 eripiat
1036 1634 1170 1691 mihi,
1209 1650 1385 1698 quaeso,
1422 1633 1554 1681 hunc
1588 1650 1718 1681 erro-

224 1719 327 1750 rem
351 1701 457 1757 alia,
485 1718 628 1765 quam
652 1701 935 1749 recentioris
960 1701 1210 1765 cujusdam
1247 1699 1528 1747 Scholiastae
1551 1708 1718 1747 aucto-

222 1768 382 1823 ritate,
410 1784 554 1830 quam
570 1767 747 1814 deinde
773 1783 859 1814 suo
875 1766 984 1814 loco
1007 1782 1289 1830 proponam.
1362 1765 1437 1811 Ex
1458 1765 1718 1812 Eustathio

225 1841 275 1881 et
316 1833 667 1896 antiquioribus
690 1831 907 1880 fontibus
943 1831 1105 1879 facere
1129 1848 1228 1879 non
1263 1831 1458 1895 poterit.
1530 1830 1718 1888 Quodsi

221 1898 350 1946 ullus
374 1908 610 1955 veterum,
638 1915 842 1961 quorum
884 1898 1046 1961 copias
1071 1897 1353 1944 Eustathius
1389 1896 1450 1944 ad
1475 1912 1719 1945 commen-

222 1965 427 2012 tandum
453 1972 779 2028 congesserat,
806 1963 982 2011 alicubi
1009 1964 1297 2011 contrariam
1328 1962 1566 2009 rationem
1590 1970 1715 2009 attu-

222 2029 370 2087 lisset,
415 2031 497 2094 qui
520 2029 622 2078 fieri
661 2030 913 2094 potuisset,
938 2037 995 2077 ut
1019 2045 1124 2077 eam
1161 2029 1233 2076 vir
1254 2028 1524 2092 priscorum
1548 2028 1717 2075 verbo-

266 2180 286 2200 a
309 2169 360 2200 II.
373 2173 403 2200 5.
420 2173 447 2200 1.
491 2173 613 2214 Προῖτος
635 2169 734 2201 ἔδωκεν
749 2170 911 2204 ἒπιστολᾶς
927 2170 1010 2210 αὐτῷ
1024 2170 1091 2211 πρὸς
1113 2169 1250 2206 Ἰοβάτην
1264 2168 1394 2208 κομίσω,
1421 2169 1445 2199 ὲν
1459 2167 1504 2203 ιῖς
1520 2166 1718 2209 ἰνεγὲγραττο

226 2213 452 2254 Βελλεροφὸντην
478 2215 652 2244 ἀκοκτεῖναι·
667 2213 800 2250 Ἰοβάτης
815 2213 841 2244 δὲ
858 2213 984 2253 ἐπιγνοὺς
1002 2214 1135 2251 ἐπέταξε)
1151 2227 1179 2243 κ.
1196 2227 1223 2243 rr.
1239 2220 1271 2243 λ.
1314 2212 1395 2247 Quae
1411 2211 1475 2242 duo
1495 2211 1587 2240 verba
1602 2210 1634 2239 in
1650 2210 1680 2240 h·
1696 2210 1716 2240 l.

224 2256 379 2295 pertinere
395 2256 539 2286 videntur
554 2256 593 2286 ad
610 2256 795 2296 scripturam
815 2256 984 2291 literarum,
1001 2256 1076 2286 talia
1097 2266 1163 2286 esse
1178 2256 1259 2292 dico,
1276 2261 1313 2285 ut
1327 2255 1366 2285 de
1380 2255 1463 2285 notis
1484 2264 1538 2284 seu
1554 2253 1651 2293 signis
1665 2263 1717 2283 ac-

224 2304 314 2338 cepta
329 2300 447 2338 optime
470 2300 604 2330 habeant
619 2306 650 2329 et
665 2299 834 2338 prudenter
849 2300 948 2338 posita
969 2299 1041 2328 sint.
1086 2299 1170 2329 Nam
1196 2298 1353 2341 ἐγγράφει,
1377 2305 1445 2328 tum
1472 2307 1527 2337 per
1540 2306 1574 2326 se
1588 2297 1718 2326 incertae

222 2342 385 2381 potestatis
399 2349 451 2378 est,
468 2349 536 2372 tum
552 2349 598 2372 est
612 2342 691 2372 illud
706 2343 812 2381 ipsum
827 2344 965 2378 verbum,
983 2340 1067 2382 quod
1082 2343 1165 2381 apud
1179 2343 1300 2381 poetam
1316 2342 1440 2381 legitur.
1485 2341 1573 2371 Pone
1589 2348 1645 2377 pro
1660 2338 1718 2369 illo

223 2385 389 2424 ἰιγγλύφειν,
407 2387 612 2425 {vaona-nn,
629 2385 841 2426 ἔγχαράσσεινς
862 2386 1078 2426 importunum
1093 2385 1234 2416 studium
1250 2384 1388 2415 variandi
1403 2383 1526 2414 senties.
1548 2382 1594 2412 At
1605 2380 1719 2414 πίνακα

223 2428 361 2458 Homeri
376 2429 507 2458 mutavit
527 2429 560 2458 in
577 2430 737 2461 ἱπιστολῆι.
782 2429 870 2459 Bene
885 2429 944 2459 hoc
960 2439 1083 2469 quoque
1108 2436 1139 2459 et
1154 2429 1197 2459 ita
1216 2435 1287 2467 apte
1301 2428 1400 2458 cnivis
1420 2427 1519 2467 signo,
1547 2431 1592 2460 ut,
1606 2424 1632 2454 si
1648 2434 1718 2455 rem

222 2470 379 2506 universe,
396 2482 459 2501 non
475 2471 607 2502 modum
630 2472 673 2502 rei
689 2479 722 2502 et
735 2471 900 2502 desuetum
923 2482 1044 2502 morem
1062 2479 1244 2502 narraturus
1269 2477 1354 2507 esset,
1374 2470 1484 2501 Graeca
1509 2469 1619 2509 lingua
1634 2467 1716 2498 nihil

222 2514 325 2552 aptius
350 2515 485 2544 haberet.
542 2514 672 2545 Constat
697 2516 783 2545 enim
807 2516 961 2549 ἐπιστολήν
986 2515 1110 2555 propria
1133 2514 1361 2556 significatione
1386 2513 1479 2552 plane
1502 2522 1570 2543 esse
1592 2511 1716 2547 ἰννολῆν,

223 2559 422 2594 mndatum;
447 2567 484 2588 ex
501 2567 564 2597 quo
580 2559 675 2588 etiam
689 2569 738 2598 ap.
764 2558 950 2598 Sophoclem
967 2565 1041 2589 sunt
1066 2559 1161 2599 λόγων
1176 2558 1339 2589 ἐπιστολαί.
1384 2556 1435 2587 Cf.
1462 2553 1622 2596 Intpp.ad
1646 2554 1718 2585 He-

221 2601 305 2640 sych.
322 2600 360 2630 T.
378 2601 405 2630 Ι.
422 2611 449 2639 p.
469 2604 557 2631 1590.
605 2601 666 2632 Sed
682 2602 784 2642 magis
795 2603 857 2633 huc
873 2601 1072 2632 referendum
1083 2608 1136 2637 est,
1153 2601 1237 2642 quod
1251 2600 1377 2640 posthac
1388 2598 1502 2629 clarius
1513 2597 1716 2638 intelligetur,

222 2642 382 2673 monitum
399 2643 567 2674 Eustathio
582 2654 609 2682 p.
625 2645 732 2675 6321.
749 2650 785 2681 9.‚
805 2647 855 2678 τὴν
872 2645 982 2675 m'mxoe
1000 2645 1134 2674 Homeri
1161 2655 1225 2674 esse
1242 2645 1292 2677 τὴν
1307 2644 1386 2682 παρὰ
1403 2645 1458 2675 τοῖς
1473 2641 1585 2685 ὕστερον
1599 2642 1716 2671 ime-ro-

221 2687 284 2719 λῆυ.
329 2686 469 2717 Omnem
485 2697 556 2716 vero
571 2687 800 2718 dubitationem
817 2688 898 2718 tollit
916 2690 1044 2718 verbum
1061 2687 1224 2728 imminua,
1241 2697 1409 2726 agnoscere,
1426 2695 1490 2715 non
1503 2686 1609 2725 legere,
1631 2682 1718 2724 quod

221 2736 268 2759 est
282 2730 450 2769 ἀναφῦναι,
466 2741 621 2771 nusquam
637 2731 724 2761 illud.
770 2731 857 2762 Illud
873 2738 978 2761 autem
998 2732 1116 2761 Graecis
1132 2732 1282 2761 usitatum
1297 2740 1362 2760 esse
1377 2729 1416 2759 de
1431 2728 1571 2767 epistola,
1587 2732 1642 2756 aut
1657 2725 1715 2757 do-

221 2772 313 2802 cendi
339 2773 458 2803 erimus
471 2773 517 2809 iis,
532 2774 588 2814 qui
613 2784 701 2804 secus
715 2774 888 2814 accipitrum
910 2781 950 2810 et,
967 2780 1002 2804 ut
1026 2774 1118 2805 citius
1140 2774 1280 2809 doceant,
1304 2783 1344 2803 ne
1361 2771 1516 2803 Planudis
1539 2769 1667 2813 quidem
1682 2774 1714 2800 et

220 2815 381 2846 Eustathii
396 2816 510 2847 saecula
533 2817 724 2856 excipimus3
750 2825 805 2848 aut
819 2818 894 2857 ipsis
916 2817 1154 2848 concedendum
1169 2817 1235 2852 erit,
1263 2817 1313 2846 vix
1330 2815 1424 2846 fuisse
1438 2825 1541 2854 genus
1565 2811 1715 2853 loquendi

219 2858 458 2898 significantiuS‚
473 2869 537 2901 quo
550 2861 798 2901 mythographus
813 2867 959 2896 uteretur,
977 2861 1002 2890 si
1017 2861 1118 2900 ipsam
1132 2870 1208 2895 rem,
1225 2866 1262 2891 ut
1275 2859 1362 2898 solet,
1376 2857 1510 2892 brevitet
1531 2863 1564 2890 et
1577 2854 1713 2899 proserit

217 2900 353 2934 dictione
367 2903 518 2945 persequi,
535 2913 593 2935 nec
608 2904 821 2945 antiquarium
838 2904 944 2944 inepto
959 2904 1028 2935 loco
1042 2914 1135 2945 agere
1148 2902 1249 2935 vellet.
