1856 3235
242 237 339 278 260
739 242 1293 293 PROLEGOMENA.

910 436 1047 484 XLI.

305 559 592 612 Enumeravi
615 573 727 613 octo
752 567 1055 629 exemplaria,
1093 583 1296 629 quorum
1319 582 1498 615 nomen
1522 566 1711 616 celebre

236 621 330 672 fuit
352 629 480 690 apud
504 631 848 678 vetustissimos
874 631 1244 678 Grammaticos.
1315 631 1508 696 Quippe
1546 633 1596 679 in
1620 633 1714 681 hoc

238 704 440 739 numero
462 696 740 757 ponendum
765 712 862 744 non
888 704 961 743 est
1002 696 1317 759 Euripideum
1358 698 1614 760 quoddam,
1653 698 1714 746 de

236 770 333 817 quo
357 773 479 804 unus
506 759 673 807 Suidas
697 762 993 809 mentionem
1017 761 1137 808 facit
1169 778 1337 824 parum
1372 770 1647 810 accuratam
1667 770 1709 810 ²:

233 823 450 881 quamvis
475 824 577 871 haec
602 836 793 890 quoque
829 843 903 874 res
927 827 1101 874 habeat
1123 827 1249 874 hanc
1273 827 1384 882 vim,
1410 834 1465 874 ut
1479 827 1592 890 jure
1616 844 1714 876 sus-

231 886 424 948 picetur
447 889 633 952 aliquis,
667 892 804 955 plura
827 892 1096 940 istiusmodi
1120 892 1394 939 rudimenta
1418 892 1610 940 critices
1634 893 1715 940 ad-

231 952 430 999 modum
454 963 640 1003 mature
664 958 915 1005 obscurata
948 957 1105 1005 fuisse.
1174 957 1254 1005 Ac
1278 957 1316 1003 si
1342 957 1502 1004 omnia
1523 973 1715 1020 perves-

229 1016 475 1079 tigaveris,
493 1019 693 1068 forsitan
718 1022 862 1070 etiam
887 1023 1002 1070 alios
1020 1023 1236 1070 invenias
1254 1022 1589 1070 emendatores
1610 1022 1713 1071 Ho-

218 1083 364 1138 meri,
403 1084 483 1146 qui
509 1085 761 1134 Zenodoto
783 1088 1014 1136 traditum
1047 1105 1074 1135 a
1115 1088 1262 1135 Suida
1299 1088 1625 1151 principatum
1663 1105 1710 1136 e-

227 1154 418 1209 reptum
458 1157 584 1197 eant.
671 1152 907 1200 Attamen
947 1153 1043 1200 huc
1080 1153 1272 1200 trahere
1309 1152 1459 1199 nolim
1495 1153 1708 1201 Nessum

226 1211 419 1269 Chium,
458 1215 730 1263 Democriti
755 1217 1059 1281 discipulum,
1097 1219 1185 1265 sub
1220 1217 1357 1281 cujus
1392 1218 1588 1265 nomine
1611 1235 1709 1266 una

223 1276 495 1326 observatio
518 1279 673 1328 fertur
695 1283 745 1328 in
769 1299 821 1329 re
858 1283 1120 1342 metricab3
1159 1291 1243 1330 aut
1285 1282 1646 1341 AEschrionem,
1678 1301 1710 1332 a

221 1359 318 1404 quo
343 1360 492 1391 unum
517 1346 775 1395 rectiorem
800 1357 1058 1396 accentum
1083 1348 1416 1411 accepimus⁶3
1453 1355 1537 1395 aut
1563 1348 1709 1413 Lysa-

223 1407 349 1454 niam
390 1410 699 1473 Cyrenaeum,
733 1413 784 1460 in
824 1413 1028 1461 Scholiis
1066 1414 1140 1462 bis
1178 1413 1443 1470 laudatum,
1493 1412 1611 1461 licet
1648 1415 1707 1473 is,

219 1488 367 1534 quum
393 1475 513 1523 alius
539 1477 801 1541 Cyrenaeus
824 1478 908 1526 illo
931 1480 1128 1527 nomine
1151 1478 1312 1525 nullus
1337 1488 1480 1526 notus
1521 1478 1596 1536 sit,
1634 1496 1705 1528 sa-

218 1553 280 1584 ne
326 1555 413 1602 pro
460 1541 791 1591 Eratosthenis
837 1545 1066 1608 magistro
1110 1544 1361 1591 habendus
1416 1543 1700 1605 videatur‘13

217 1603 467 1668 multoque
492 1607 649 1655 minus
679 1609 970 1672 Telephum,
1007 1610 1095 1657 Coi
1139 1609 1340 1656 Philetae
1378 1617 1565 1672 patrem
1581 1614 1613 1666 ⁶,
1651 1619 1701 1659 et

215 1667 346 1726 alios,
385 1671 557 1734 quibus
598 1690 658 1720 an
699 1682 833 1722 recte
869 1675 1108 1722 tribuatur
1144 1674 1464 1722 Grammatici
1505 1691 1696 1732 munus,

214 1732 359 1782 hodie
383 1752 482 1783 non
506 1738 617 1785 satis
641 1739 805 1802 liquet,
874 1740 969 1787 Sed
992 1740 1164 1803 ipsum,
1203 1756 1346 1804 quem
1389 1739 1504 1795 dixi,
1543 1740 1700 1789 Phile-

213 1804 331 1856 tam,
365 1802 647 1865 magistrum
671 1805 924 1862 Zenodoti,
963 1822 1024 1852 ex
1058 1806 1250 1869 optimis
1273 1804 1431 1868 poetis
1456 1804 1696 1867 elegiacis,

211 1864 375 1925 paullo
397 1875 506 1929 post
543 1868 858 1918 Aristotelem
885 1870 1067 1933 aliquid
1108 1871 1170 1917 ad
1210 1870 1553 1933 corrigendum
1593 1871 1696 1919 Ho-

211 1944 397 1977 merum
437 1934 712 1992 contulisse,
767 1952 795 1983 e
834 1935 987 1983 tribus
1036 1935 1156 1984 locis
1196 1935 1530 1999 intelligiturf.
1616 1937 1694 1985 Ne

247 2071 270 2091 .a
292 2063 396 2094 Etiam
411 2074 526 2105 genere
541 2066 700 2106 loquendi,
716 2067 750 2097 in
764 2068 823 2098 hac
838 2076 871 2098 re
893 2067 1025 2097 minime
1039 2067 1160 2102 usitato,
1178 2067 1216 2098 T.
1234 2068 1262 2098 Ι.
1276 2077 1306 2106 p.
1328 2070 1415 2098 906.:
1436 2068 1581 2108 ’Ἔγραψε
1599 2068 1695 2112 (Εὐξι-

205 2103 302 2158 ῗῖδζγς,
319 2108 370 2137 «οὗ
383 2108 528 2151 προτέρου,
554 2109 690 2140 incertus
712 2120 783 2141 sum
798 2110 895 2151 cujus,
922 2110 1101 2151 ἀδελφιδοῦς)
1127 2112 1279 2154 Ὁμηρικὴν
1294 2108 1406 2142 ἔκδοσιν·
1433 2111 1457 2139 εἰ
1469 2110 1512 2150 μὴ
1530 2111 1587 2153 ἄρα
1603 2112 1696 2154 ἑτέρον

208 2160 290 2178 §ffirm-

251 2192 270 2220 b
283 2191 335 2221 Ad
350 2193 374 2222 ι’.
389 2196 461 2224 378.
483 2193 516 2223 in
532 2195 682 2225 vocabulo
696 2195 788 2239 καρδς,
804 2201 841 2226 ut
850 2196 916 2236 jam
935 2196 1106 2227 Ruhnken.
1123 2197 1155 2226 in
1173 2195 1265 2226 Praef.
1280 2194 1321 2226 ad
1337 2195 1476 2235 Hesych.
1491 2205 1522 2234 p.
1538 2195 1589 2226 VI
1595 2196 1624 2226 1.
1637 2195 1695 2227 do.

205 2233 278 2269 cuit,
297 2234 404 2271 primis
418 2236 521 2266 statim
533 2237 723 2277 temporibus
736 2239 820 2268 varie
832 2245 966 2277 accepto-

246 2286 263 2305 c
286 2276 370 2307 Nam
386 2279 587 2310 AEschriones
602 2281 705 2320 plures
720 2280 848 2311 fuerunt
871 2280 955 2311 clari.
1001 2281 1040 2311 V.
1066 2281 1164 2312 Ionsii
1178 2281 1220 2312 de
1236 2282 1267 2312 S.
1283 2281 1328 2311 H.
1345 2280 1382 2311 P.
1400 2280 1448 2311 II.
1463 2290 1493 2319 p.
1511 2283 1581 2311 147.
1625 2281 1691 2313 Ne-

203 2328 264 2358 que
279 2319 382 2350 doceri
397 2327 503 2359 potest,
520 2322 620 2358 illum,
635 2323 688 2363 qui
703 2333 721 2353 a
732 2323 839 2354 Schol.
854 2329 886 2354 et
899 2324 988 2354 Eust.
1003 2323 1041 2354 ad
1059 2330 1096 2354 λ’.
1112 2327 1182 2356 259.
1200 2324 1352 2359 laudatur,
1379 2323 1601 2363 Mitylenaeum
1615 2333 1690 2361 esse.

201 2361 339 2392 amicum
358 2363 535 2395 Aristotelis
555 2371 586 2396 et
602 2372 721 2405 patrem
748 2366 890 2406 Lysaniae
906 2366 984 2406 ejus,
1007 2366 1046 2397 de
1070 2377 1135 2407 quo
1148 2377 1230 2397 mox.
1276 2366 1367 2397 Illius
1389 2366 1571 2404 scripturam
1594 2368 1651 2402 λῖς,
1673 2377 1693 2398 a

200 2404 363 2436 Brunckio
378 2407 472 2438 Anal.
495 2408 566 2438 111.
581 2418 610 2448 p.
625 2410 675 2440 85.
697 2409 808 2439 merito
829 2409 989 2447 praelatam
1011 2409 1146 2449 vulgatae
1161 2412 1216 2445 λὶς,
1240 2410 1275 2439 in
1289 2419 1355 2439 uno
1376 2408 1434 2439 isto
1459 2408 1528 2438 loco
1543 2413 1607 2438 tam
1630 2409 1687 2440 diu

200 2446 318 2487 fugisse
328 2448 468 2485 editores,
485 2460 560 2481 sane
574 2461 668 2491 quam
683 2450 800 2482 mirum
816 2457 869 2482 est.
918 2450 980 2482 Sed
996 2452 1100 2490 plu-res
1115 2454 1148 2482 in
1165 2453 1309 2483 Homero
1321 2458 1395 2482 sunt
1408 2458 1473 2481 tam
1487 2450 1625 2492 antiquae
1639 2453 1689 2483 vel

198 2488 234 2519 in
249 2489 410 2522 levissimis
423 2492 647 2532 discrepantiae.

239 2532 261 2563 d
278 2534 369 2564 Conf.
386 2535 469 2566 Ions.
484 2535 504 2565 1.
519 2546 544 2566 c.
568 2536 683 2567 Scholl.
698 2536 738 2567 ad
749 2538 777 2568 ι’.
790 2539 863 2569 578.
878 2542 918 2568 a‘.
934 2539 1006 2569 558.
1028 2538 1133 2579 ibique
1147 2538 1236 2569 Eust.
1251 2548 1279 2577 p.
1298 2539 1388 2568 1075.
1433 2536 1623 2577 Quanquam
1646 2537 1687 2568 ad

196 2575 331 2617 priorem
346 2582 469 2608 tantum
483 2588 605 2609 versum
620 2590 638 2609 a
653 2580 750 2619 patria
765 2580 1013 2620 cognominatur.

242 2629 261 2648 e
286 2619 378 2650 Certe
391 2631 462 2661 quae
475 2621 517 2651 ad
531 2621 564 2652 δ’.
583 2626 650 2653 155.
666 2629 697 2652 et
709 2625 746 2654 κ’.
758 2626 829 2654 545.
851 2623 1011 2664 leguntur,
1023 2623 1169 2664 equidem
1181 2623 1285 2663 potius
1296 2622 1494 2662 Pergameno
1510 2621 1556 2651 illi
1571 2621 1686 2654 Gram-

195 2662 310 2692 matico
323 2663 550 2704 assignaverim,
566 2665 619 2704 qui
638 2665 747 2695 Romae
769 2665 886 2704 docuit,
909 2671 940 2695 et
956 2677 1048 2707 quem
1067 2667 1185 2697 Fabric.
1208 2676 1238 2705 p.
1256 2668 1327 2697 525.
1350 2666 1389 2695 ab
1405 2664 1459 2694 illo
1474 2666 1553 2694 bene
1574 2664 1685 2696 distin-

195 2705 248 2734 xit.
294 2705 368 2741 Nec,
395 2717 458 2746 quo
485 2706 564 2737 illud
581 2707 683 2738 Schol.
705 2707 745 2738 ad
765 2711 801 2738 α’.
817 2712 890 2740 420.
914 2708 1037 2746 referas,
1060 2709 1152 2739 facile
1165 2708 1289 2739 dixeris.
1332 2707 1508 2738 Dissentire
1531 2707 1582 2738 hic
1597 2714 1628 2737 et
1648 2719 1683 2739 a-

192 2746 249 2776 libi
273 2747 376 2779 licebit
399 2749 558 2780 interdum
572 2760 592 2780 a
615 2751 681 2782 viro
694 2750 880 2788 doctissimo,
895 2751 1025 2792 quicum
1048 2752 1125 2783 mihi
1140 2751 1284 2782 convenit.
1296 2749 1336 2780 de
1359 2751 1460 2781 multo
1480 2751 1676 2790 gravioribus

190 2791 294 2821 tebus.

235 2833 253 2863 f
265 2837 383 2866 22269.
407 2836 443 2874 qr.
460 2838 530 2866 126.
546 2838 617 2867 252.
642 2836 691 2866 Cf.
705 2835 817 2866 Schou.
833 2836 873 2867 ad
886 2838 923 2876 ζ’.
939 2841 1011 2870 459.
1027 2839 1070 2878 χ’.
1083 2841 1156 2869 308.
1171 2836 1325 2876 Porphyr.
1341 2835 1381 2871 Q.
1397 2835 1443 2866 H·
1459 2838 1489 2866 8-
1503 2840 1579 2866 extr·
1595 2835 1686 2868 Eust-

190 2886 220 2915 p.
239 2879 328 2907 1235.
374 2877 418 2907 At
430 2877 507 2908 nihil
521 2879 631 2909 attinet
647 2879 850 2910 Eustathium
866 2881 995 2921 ejusque
1018 2881 1135 2911 similes
1149 2881 1320 2915 nominare,
1343 2879 1398 2909 ubi
1413 2879 1515 2909 fontes
1529 2883 1636 2916 patent
1649 2879 1682 2909 in

193 2919 333 2951 Scholiis.
377 2920 459 2959 Ipsae
475 2921 707 2952 emendationes
719 2922 766 2952 vel
781 2922 1066 2954 animadversiones
1080 2923 1165 2954 illius
1182 2922 1286 2953 Critici
1297 2921 1425 2952 salivam
1441 2920 1529 2952 nobis
1538 2930 1681 2953 nonmu-

189 2968 270 2991 sfent.
314 2962 423 2993 Prima
439 2963 532 3005 longe
548 2964 739 3006 ineptissima
750 2971 804 3004 est,
821 2976 879 2998 nec
894 2965 966 2998 duae
982 2966 1086 2998 alterae
1101 2965 1189 2998 valde
1203 2965 1308 3007 dignm
1330 2970 1404 2996 sunt
1417 2964 1528 2998 relatu.
