1856 3235
610 234 1166 285 PROLEGOMENA.
1529 238 1623 277 2313

768 431 992 483 XXXII.

205 567 463 629 Pergamus
487 563 549 611 ad
573 579 643 620 ea,
680 578 789 626 quae
829 562 993 610 Graeci
1035 576 1271 609 consensu
1313 559 1619 608 tradiderunt

139 632 201 680 de
225 630 548 678 vetustissima
582 628 782 675 historia
819 628 991 675 horum
1034 628 1328 680 Carminum‚
1366 632 1537 672 tenues
1571 634 1622 673 et

137 698 362 744 obscuras
384 711 470 758 per
495 711 545 742 se
568 694 814 757 reliquias,
845 709 937 740 nec
969 692 1061 739 illis
1100 692 1212 755 ipsis
1253 690 1365 737 satis
1404 690 1622 738 intellec-

135 769 222 816 tas,
259 760 398 812 nobis
421 768 584 807 autem
600 758 702 822 jam
727 774 823 805 non
849 759 980 820 omni
1019 758 1132 805 luce
1158 764 1392 804 carentes.

200 824 415 872 Primum
461 825 662 872 Homeri
708 823 865 887 po'esis
906 840 934 869 a
973 821 1348 870 Lacedaemonio
1388 820 1621 885 Lycurgo

133 907 196 938 ex
221 890 360 937 Ionia
376 890 426 937 in
453 890 840 953 Peloponnesum
865 888 998 935 illata
1013 904 1115 935 esse
1139 888 1331 934 dicitur.
1400 886 1622 942 Quatuor

135 956 273 1004 nobis
293 963 492 1003 exstant
514 954 658 1018 hujus
682 954 751 1002 rei
775 961 924 1001 testes
943 957 974 1009 ³,
1012 953 1063 999 in
1085 953 1177 999 'his
1203 953 1384 1015 primus
1422 960 1471 999 et
1511 959 1622 1000 aeta-

134 1029 184 1069 te
221 1028 271 1068 et
294 1020 584 1068 auctoritate
611 1019 898 1068 Heraclides
932 1019 1178 1074 Ponticus,
1217 1018 1298 1081 qui
1336 1017 1563 1066 Carmina
1596 1035 1624 1065 a

137 1086 399 1151 Creophyli
434 1086 640 1150 posteris
681 1083 884 1149 accepta
923 1084 1087 1132 refert.
1160 1083 1260 1131 Hic
1301 1083 1620 1148 Creophylus,

135 1153 353 1216 quamvis
377 1152 525 1200 homo
549 1151 809 1206 fabulosus,
847 1167 995 1214 quum
1019 1151 1070 1197 in
1095 1149 1435 1213 antiquissimis
1460 1149 1624 1212 Epicis

133 1225 185 1265 et
225 1218 389 1265 amicis
416 1217 622 1265 Homeri
655 1225 953 1272 numeretur,
993 1216 1093 1280 ejus
1132 1224 1351 1279 posteros
1393 1214 1622 1278 conjicias

136 1282 284 1330 fuisse
307 1282 536 1330 familiam
561 1284 698 1330 ἀοιδῶν
724 1283 823 1330 sive
848 1281 1060 1346 ῥαψῳδῶν,
1098 1282 1180 1346 qui
1206 1281 1431 1329 Carmina
1448 1288 1623 1344 rogatu

134 1347 353 1412 Lycurgi
386 1348 642 1397 docuerint
680 1348 1093 1404 Lacedaemonios,
1130 1347 1208 1395 vel
1243 1346 1508 1394 revertenti
1544 1363 1623 1393 co-

134 1414 303 1461 mitem
328 1414 568 1471 dederint,
590 1415 672 1478 qui
697 1432 755 1462 ea
772 1421 964 1461 teneret
987 1422 1037 1462 et
1061 1420 1272 1461 caneret.
1342 1412 1469 1460 Nam
1489 1411 1622 1476 quod

136 1478 424 1527 Plutarchus
465 1480 595 1544 apud
634 1480 762 1527 illam
803 1479 1032 1527 familiam
1072 1479 1223 1526 literis
1263 1478 1491 1525 mandata
1521 1484 1571 1525 et
1594 1494 1622 1524 a

134 1543 366 1609 Lycurgo
392 1546 635 1609 descripta
658 1553 833 1602 narrat,
869 1545 920 1592 id
944 1542 1042 1592 non
1079 1545 1232 1608 magis
1256 1544 1318 1591 ad
1348 1560 1451 1591 rem
1474 1543 1620 1607 perti-

134 1617 235 1666 net,
272 1627 414 1674 quam
439 1611 605 1658 addita
628 1612 764 1667 ratio,
804 1628 889 1658 cur
912 1610 1159 1674 legislator
1188 1627 1244 1658 ea
1280 1610 1350 1656 inr
1372 1609 1619 1657 civitatem

134 1691 269 1723 suam
314 1676 624 1740 importanda
670 1677 927 1724 curaverit.
998 1676 1210 1723 Addunt
1248 1674 1363 1722 talia
1403 1674 1619 1722 historici

135 1757 196 1788 ex
219 1741 418 1806 ingenio
443 1759 544 1799 suo,
583 1759 644 1790 ne
668 1759 744 1791 res
768 1743 899 1791 nude
941 1750 991 1789 et
1028 1742 1237 1789 exiliter
1258 1757 1452 1788 narrare
1489 1740 1619 1788 vide-

133 1813 292 1854 antur.
362 1807 442 1856 Ac
467 1824 528 1856 ne
552 1807 674 1855 illud
697 1809 893 1872 quidem
927 1808 1126 1855 AEliano
1168 1806 1473 1862 crediderim,
1512 1807 1618 1870 (qui

132 1873 260 1919 enim
282 1872 322 1919 is
346 1873 469 1921 scire
493 1874 704 1937 potuitP)
733 1872 834 1938 jam
861 1874 1092 1938 Lycurgo
1121 1874 1320 1937 cognita
1342 1871 1490 1919 fuisse
1514 1872 1618 1919 haec

132 1938 307 1995 omnia,
345 1955 406 1986 ex
430 1940 602 2003 quibus
625 1940 829 2003 posthac
855 1939 967 1986 Ilias
992 1948 1043 1986 et
1067 1938 1290 2003 Odyssea
1314 1939 1618 1985 constabant.

135 2003 299 2058 Quare
323 2004 536 2067 abjectis,
574 2022 681 2068 quae
704 2005 864 2053 afficta
887 2014 1001 2052 sunt
1028 2005 1089 2052 ad
1126 2004 1388 2067 mythicam
1424 2003 1616 2059 famam,

135 2067 232 2115 hoc
258 2068 412 2116 solum
452 2071 640 2118 nudum
677 2070 979 2134 relinquitur,
1017 2079 1129 2117 ante
1167 2069 1453 2134 Lycurgum
1486 2069 1622 2132 Spar-

133 2133 258 2180 tanis
281 2141 471 2182 tantum
494 2152 672 2199 paucas
696 2136 975 2199 rhapsodias
999 2136 1280 2192 innotuisse,
1314 2134 1476 2198 plures
1501 2142 1620 2181 tem-

135 2199 330 2262 poribus
353 2200 479 2248 illius
503 2202 580 2249 vel
616 2201 765 2265 ipsius
791 2219 907 2249 cura
932 2201 1134 2257 additas,
1172 2205 1463 2265 poetamque
1489 2200 1621 2248 dein-

135 2264 196 2312 de
231 2264 329 2312 illic
354 2282 541 2330 semper
563 2268 613 2314 in
638 2268 848 2315 maximo
871 2267 1055 2315 honore
1077 2266 1223 2314 fuisse
1239 2265 1273 2313 ¹³.
1320 2301 1323 2302 γ

199 2329 291 2377 Per
314 2331 405 2378 tria
427 2333 646 2395 proxima
677 2350 704 2380 a
729 2332 960 2398 Lycurgo
985 2333 1162 2381 saecula
1196 2332 1317 2380 nihil
1343 2340 1534 2381 constat
1558 2332 1619 2380 de

132 2395 205 2443 his
230 2396 550 2454 Carminibus,
586 2399 677 2446 nisi
702 2399 833 2462 quod
856 2416 884 2446 a
906 2399 1157 2463 rhapsodis
1187 2399 1516 2462 particulatim
1552 2398 1621 2445 di-

133 2460 332 2525 vulgata
371 2472 498 2519 sunt,
550 2480 644 2527 qua
679 2464 740 2511 de
778 2481 829 2512 re
871 2481 1013 2528 supra
1053 2464 1278 2511 diximus.
1350 2464 1523 2529 Itaque
1564 2481 1621 2512 ea

132 2527 276 2574 etiam
325 2536 437 2576 ante
475 2529 704 2578 Solonem
744 2530 935 2577 recitari
976 2547 1158 2578 morem
1200 2529 1362 2586 fuisse,
1400 2531 1478 2579 vel
1516 2531 1618 2578 sine

130 2594 405 2641 testimonio
430 2595 606 2643 veteris
631 2595 879 2659 scriptoris
919 2596 1141 2644 crederes
1160 2599 1192 2643 ⁰.
1265 2596 1415 2652 Quod
1453 2605 1615 2645 autem

174 2742 194 2762 a
217 2732 375 2766 Heracliti.
392 2735 517 2777 Fragm.
533 2737 594 2780 περὶ
610 2736 767 2768 πτολις-εἴων
788 2736 820 2766 in
839 2737 937 2767 Gron.
960 2737 1053 2767 Thes·
1072 2736 1148 2767 AA.
1173 2737 1247 2768 GG.
1269 2737 1311 2767 Τ.
1335 2736 1397 2766 VI.
1420 2747 1448 2775 p.
1472 2738 1564 2765 2823.
1581 2734 1619 2764 B.

131 2773 383 2849 JlgiIOIICffiysost.
413 2779 467 2810 Or.
495 2779 543 2810 11.
559 2790 588 2819 p.
616 2782 665 2810 87.
711 2780 816 2811 Reisk.
841 2779 926 2811 Plut.
948 2780 980 2810 in
1008 2781 1155 2821 Lycurgo
1180 2791 1209 2820 p.
1226 2784 1277 2811 41.
1306 2780 1347 2810 D.
1365 2780 1483 2809 IElian.
1509 2778 1549 2807 V.
1574 2776 1620 2806 H.

135 2862 207 2933 XPI
215 2860 350 2936 {lag-de
365 2863 461 2906 Legg.
480 2865 548 2897 111.
565 2876 593 2905 p.
610 2869 681 2897 680.
707 2865 742 2897 C.
789 2866 870 2897 Plut.
889 2867 1049 2906 Apophth.
1072 2866 1144 2897 Lac.
1160 2877 1189 2906 p.
1213 2869 1283 2897 225.
1302 2867 1341 2895 A.
1387 2863 1502 2894 AElian.
1519 2862 1560 2892 V.
1574 2862 1619 2892 H.

171 2955 188 2975 c
210 2946 396 2980 Dieuchidae
411 2960 462 2990 ap.
479 2951 573 2993 Diog.
590 2951 690 2983 La'eirt.
708 2952 736 2983 Ι.
752 2955 803 2985 57.
850 2954 893 2983 Τὰ
906 2954 1029 2996 Ὀμήρου
1053 2954 1081 2991 ἐξ
1097 2953 1239 2989 imam&
1264 2952 1379 2993 ἔγραψέ
1409 2948 1617 2991 ῥῶψφῧῑῖσθαι,

177 3001 265 3038 VOL.
291 3004 333 3038 V.
849 3008 880 3043 G
899 3020 921 3053 g
