1856 3235
229 222 317 263 186
669 211 1230 261 PROLEGOMENA.

290 344 448 408 Igitur
471 343 566 391 hoc
589 359 742 390 unum
767 343 960 391 videtur
992 351 1126 391 recte
1151 343 1316 408 colligi
1341 360 1401 392 ex
1434 343 1706 402 Herodoto,

222 417 375 457 artem
401 409 645 457 scribendi
662 408 764 473 jam
790 410 976 456 dudum
1013 417 1125 457 ante
1149 410 1285 457 illum
1312 410 1559 474 cognitam
1585 411 1710 458 cele-

220 477 504 539 bratamque
528 474 692 532 fuisse,
729 482 785 521 ut
817 474 999 522 ultimis
1022 475 1322 537 temporibus
1347 475 1577 539 assignari
1601 492 1709 538 pos-

222 549 309 589 set.
381 541 494 597 Quo
517 541 623 605 ipso
646 540 830 587 destrui
853 547 996 602 putes
1022 540 1217 587 Woodii
1243 541 1536 603 opinionem.
1584 541 1712 588 Nam

222 607 261 654 si
284 606 406 654 illud
428 613 529 654 tam
552 606 720 670 paucis
745 605 882 651 annis
905 613 1018 652 ante
1051 604 1360 653 Herodotum
1394 606 1497 653 fieri
1540 606 1710 670 coepis-

222 679 310 729 set,
348 673 655 737 iwogcmsmwg
678 678 850 718 auctor
884 686 984 717 non
1027 670 1109 727 ita,
1146 679 1202 717 ut
1240 671 1375 727 facit,
1403 671 1716 734 judicaturus

223 746 341 786 erat.
413 738 659 785 Caeterum
684 752 871 792 vereor,
909 752 972 783 ne
1013 736 1260 783 tritissima
1300 735 1465 783 fabula
1500 737 1561 783 de
1587 736 1712 784 Cad-

224 821 304 851 mo
327 802 584 851 r-eferenda
607 803 668 849 sit
691 803 854 865 potius
879 802 940 849 ad
964 801 1303 865 antiquitatem
1334 801 1484 864 ipsius
1506 801 1712 858 inventi,

221 886 366 933 quam
391 868 454 916 ad
482 884 593 915 eum
628 875 840 915 tractum
879 867 1126 930 temporis,
1164 883 1262 929 quo
1301 866 1476 913 notitia
1512 865 1614 929 ejus
1654 866 1717 914 ad

223 935 426 983 Graecos
450 933 743 997 pervenerit.
815 932 948 979 Talis
973 932 1102 979 enim
1132 932 1318 979 inventi
1353 948 1508 996 vagus
1549 947 1715 979 rumor

220 1000 353 1047 haud
372 999 518 1046 dubie
537 999 669 1062 apud
682 998 790 1045 illos
806 998 1062 1061 praecurrit
1085 1005 1328 1045 accuratae
1352 998 1563 1055 notitia-33
1590 997 1718 1045 hanc

219 1065 368 1128 longo
391 1063 652 1127 interjecto
678 1064 832 1127 spatio
857 1063 1052 1110 rudium
1075 1079 1308 1110 manuum
1333 1062 1618 1119 imitamina,
1645 1070 1714 1110 at-

221 1147 315 1194 que
340 1130 446 1177 haec
470 1136 717 1192 postremo
743 1129 954 1193 vulgaris
994 1145 1109 1176 usus
1151 1137 1201 1176 et
1239 1128 1537 1193 conscriptio
1576 1128 1721 1177 libro-

221 1212 329 1243 rum
354 1202 525 1242 secuta
549 1202 636 1241 est.

916 1389 1032 1438 XV.

292 1522 394 1570 Hic
434 1538 534 1570 non
577 1522 763 1578 dubito,
802 1521 919 1585 quin
942 1520 1096 1569 futuri
1121 1521 1218 1568 sint
1241 1520 1397 1576 multi,
1436 1520 1518 1584 qui
1549 1519 1720 1569 talium

222 1605 569 1654 progressuum
595 1587 1002 1652 significationem
1027 1588 1114 1634 sub
1139 1586 1232 1633 illis
1250 1585 1528 1634 nominibus
1553 1585 1722 1644 latere,

219 1671 315 1702 nec
353 1653 533 1701 frustra
574 1661 651 1701 tot
692 1660 917 1700 auctores
957 1653 1072 1699 artis
1113 1651 1349 1699 dilaudari
1392 1651 1720 1715 suspicentur.

223 1720 304 1767 Ac
327 1718 424 1767 fuit
447 1719 660 1784 quidem,
698 1735 848 1782 quum
873 1735 966 1781 ego
991 1735 1184 1782 quoque
1208 1717 1335 1764 hanc
1372 1718 1612 1765 rationem
1648 1734 1722 1766 se-

222 1802 411 1850 querer,
450 1793 500 1833 et
541 1784 729 1847 Orphei
770 1784 1069 1847 temporibus
1111 1783 1280 1831 saltem
1322 1782 1494 1830 titulos
1537 1790 1587 1830 et
1627 1783 1727 1846 epi-

220 1859 492 1915 grammata
517 1850 796 1914 abjudicare
830 1866 930 1896 non
963 1849 1208 1897 auderem.
1281 1848 1620 1896 Sollicitabant
1643 1865 1722 1897 me

221 1925 398 1980 praeter
445 1916 559 1963 alias
607 1932 774 1964 causas
821 1915 1044 1978 quaedam
1088 1915 1340 1962 literarum
1387 1921 1720 1971 monumenta,

222 1998 332 2046 quae
357 1981 633 2046 antiquiora
671 1981 890 2028 Homero
924 1981 1003 2029 vel
1028 1980 1145 2029 olim
1172 1979 1447 2028 constitisse
1473 1978 1722 2037 dicuntur,

222 2047 301 2095 vel
324 2047 472 2095 hodie
500 2048 558 2094 ab
584 2047 786 2094 eruditis
811 2046 989 2110 cupide
1008 2047 1327 2110 perhibentur
1345 2049 1378 2092 ³.
1451 2044 1638 2092 Verum
1664 2045 1724 2092 ab

224 2129 281 2160 ea
304 2114 384 2160 via
408 2113 552 2176 plane
577 2129 654 2160 me
679 2120 962 2160 averterunt
985 2112 1125 2175 plura
1148 2111 1354 2176 vestigia
1379 2110 1626 2167 h1storica,
1648 2127 1723 2157 ea-

224 2194 431 2242 rumque
457 2195 634 2234 rerum,
673 2178 845 2241 quibus
870 2178 1008 2225 istius
1031 2178 1188 2225 aetatis
1231 2177 1393 2225 cultus
1439 2175 1721 2224 contineba-

223 2251 319 2299 tur,
348 2252 398 2291 et
421 2243 635 2306 ipsorum
658 2243 850 2291 illorum
877 2251 1309 2291 monumentorum
1336 2241 1526 2289 curiosa
1542 2248 1594 2289 et
1617 2241 1727 2289 sub-

224 2308 322 2356 tilis
359 2309 668 2356 existimatio.
740 2309 914 2373 ltaque
953 2325 1126 2356 maneo
1171 2309 1222 2355 in
1262 2325 1319 2356 ea
1359 2306 1614 2363 sententia,
1652 2313 1725 2363 ut,

224 2374 413 2422 etiamsi
438 2375 529 2421 ista
552 2374 715 2422 omnia
738 2387 961 2438 tempore
986 2374 1269 2438 praecedant
1291 2373 1581 2428 Homerum,
1605 2375 1727 2435 (ma-

221 2439 271 2488 lo
296 2440 425 2487 enim
451 2440 574 2487 illud
598 2457 732 2488 nunc
768 2440 820 2486 in
857 2439 1021 2487 medio
1053 2440 1345 2503 relinquere,
1383 2454 1525 2502 quam
1552 2437 1727 2485 deflec-

226 2513 330 2553 tere
357 2506 419 2553 de
446 2522 591 2553 cursu
615 2505 768 2567 meo‚)
803 2514 968 2553 tamen
1005 2505 1120 2554 inde
1145 2505 1266 2552 nihil
1292 2512 1515 2552 constare
1540 2503 1602 2550 de
1626 2502 1729 2550 vul-

221 2579 338 2635 gato
364 2588 452 2619 usu
478 2572 591 2620 artis
615 2580 800 2636 putem.
871 2572 1002 2621 Nam
1026 2579 1254 2637 superato
1295 2586 1498 2634 operoso
1535 2567 1719 2625 labore,

220 2725 301 2756 dunt
315 2735 352 2755 ex
365 2725 582 2767 antiquissima
597 2732 695 2762 aetate,
720 2726 773 2757 alii
790 2726 936 2757 viderint.
981 2727 1067 2757 Mihi
1081 2725 1205 2757 videtur
1230 2725 1264 2756 in
1295 2730 1361 2755 toto
1375 2725 1436 2755 hoc
1455 2732 1570 2764 genere
1586 2721 1727 2762 primum

219 2775 326 2799 sancta
341 2769 427 2800 fraus
443 2775 580 2810 grassata
594 2779 670 2800 esse.

262 2822 281 2842 a
306 2813 355 2842 De
370 2812 418 2843 his
433 2812 507 2844 satis
522 2812 617 2842 fuerit
633 2812 795 2842 nominare
817 2822 915 2842 unam
937 2812 1174 2843 celeberrimam
1197 2810 1433 2850 inscriptionem
1460 2819 1499 2839 ex
1519 2806 1690 2848 Amyclaeis
1711 2817 1731 2838 a

219 2854 427 2886 Fourmontio
441 2855 583 2895 repertis:
599 2855 638 2886 de
653 2855 715 2886 illis
729 2856 841 2886 Thesei
857 2855 955 2886 stelen
967 2855 1123 2895 lapideam
1139 2866 1187 2894 ap.
1200 2854 1366 2886 Demosth.
1382 2863 1408 2884 c.
1424 2852 1525 2883 Neaer.
1541 2861 1574 2891 p.
1590 2852 1661 2882 873.
1675 2849 1730 2885 D„

220 2896 317 2936 ipsius
333 2898 448 2930 Cadmi
463 2899 630 2931 donarium
646 2909 693 2939 ap.
711 2898 806 2930 Diod.
824 2897 864 2931 V.
883 2902 933 2930 58.
956 2909 1078 2931 aeneam
1093 2898 1235 2931 tabulam
1257 2908 1306 2940 ap.
1324 2896 1410 2930 Plin.
1425 2895 1514 2929 v11.
1531 2896 1584 2928 58.
1599 2898 1657 2927 etc.
1671 2897 1732 2924 etc.

916 2961 936 2970 ,-

915 2969 935 2988 ι)
