1856 3235
595 247 1159 297 PROLEGOMENA.
1535 259 1625 298 211

136 381 188 428 id
212 380 356 429 etiam
379 394 547 443 parum
568 379 781 436 videtur,
821 379 1074 443 multoque
1097 377 1237 443 plura
1272 396 1623 446 nonnunquam

135 448 287 494 bonos
325 444 589 508 rhapsodos
625 447 838 493 tenuisse
877 446 1109 508 suspicor.
1181 444 1377 493 Etenim
1416 450 1452 494 si
1477 448 1624 496 etiam

132 519 252 568 tum,
278 527 426 575 quum
451 509 706 574 multiplex
744 512 979 567 doctrina,
1007 511 1068 558 ad
1090 510 1353 558 lectionem
1387 512 1621 562 librorum

132 584 371 631 revocata,
411 576 783 641 cultissimaeque
823 577 937 625 vitae
974 576 1173 641 negotia
1210 577 1480 626 obruebant
1527 597 1624 628 me-

132 643 347 698 moriam,
395 641 604 689 Athenis
626 642 828 690 fuerunt
862 642 1124 690 liberaliter
1159 642 1369 699 educati,
1413 645 1494 707 qui
1519 646 1624 692 uni-

130 724 316 755 versam
354 707 510 756 Iliada
550 717 600 756 et
625 707 896 773 Odysseam
937 716 1223 767 tenerent23
1261 709 1379 772 quid
1421 710 1623 774 ambigis

128 773 190 820 de
224 774 280 821 iis
304 774 596 830 hominibus,
641 776 722 837 qui
747 775 797 821 in
825 774 912 822 tali
948 791 1002 821 re
1026 774 1215 821 assidue
1257 790 1452 837 operam
1492 775 1622 823 loca-

127 839 260 895 bant,
289 848 339 887 et
361 840 454 888 illis
478 840 529 886 in
554 840 756 896 saeculis,
784 841 868 888 ubi
901 840 1092 888 brevior
1115 840 1242 887 orbis
1277 840 1621 889 discendorum

123 905 334 968 ingeniis
380 905 516 970 quasi
559 906 848 954 vacuitatem
896 906 1056 961 dabat,
1105 906 1452 969 sapientiaeque
1496 906 1626 955 fama

125 969 274 1034 longe
315 971 419 1019 aliis
458 971 632 1019 studiis
670 973 958 1036 parabatur?
1007 971 1172 1028 Quid?
1221 971 1360 1019 Plato
1378 978 1396 1002 ὓ
1425 973 1623 1036 quidem

124 1043 271 1100 atque
295 1036 374 1084 alii
398 1044 588 1086 veteres
610 1037 886 1102 philosophi
905 1037 1271 1101 judi-caverunt,
1308 1037 1435 1085 hanc
1471 1037 1623 1086 facul-

124 1109 279 1150 tatem
318 1103 467 1150 animi
506 1104 659 1152 nostri
696 1104 996 1152 metiendam
1033 1119 1132 1151 non
1157 1119 1261 1150 esse
1295 1120 1465 1151 eorum
1499 1112 1622 1152 tem-

124 1184 300 1232 porum
344 1168 562 1226 modu10‚
614 1186 763 1233 quum
811 1177 1068 1233 apparatus
1125 1168 1446 1216 subsidiorum
1493 1169 1623 1218 illius

130 1233 372 1282 culturam
395 1235 685 1299 impediret3
733 1236 957 1283 inventas
996 1235 1163 1282 literas
1197 1233 1438 1298 profuisse
1482 1235 1623 1284 disci,

126 1298 284 1362 plinis,
313 1300 399 1348 sed
423 1300 638 1349 obfuisse
674 1301 992 1359 discentibus,
1016 1301 1140 1348 adeo
1173 1307 1230 1347 ut
1259 1305 1368 1363 quae
1401 1300 1624 1351 inventio

125 1365 432 1414 medicamen
456 1367 705 1414 memoriae
728 1367 858 1415 dicta
882 1374 1022 1423 esset,
1050 1366 1223 1414 eadem
1246 1381 1346 1412 non
1377 1366 1622 1426 immerito

124 1447 253 1478 noxa
277 1431 379 1496 ejus
403 1440 453 1480 et
476 1433 715 1496 pernicies
742 1433 1003 1481 diceretur.
1075 1431 1224 1489 Quod
1247 1432 1495 1493 verissime
1515 1450 1620 1482 mo·

123 1497 283 1544 nitum
309 1515 428 1555 esse,
454 1497 794 1548 illiteratorum
819 1499 1071 1546 hominum
1092 1507 1142 1546 et
1177 1498 1416 1545 doctrinae
1441 1508 1621 1548 nostrae

125 1563 401 1626 expertium
447 1563 741 1628 populorum
798 1564 1150 1628 contemplatio
1194 1563 1354 1611 docet.
1443 1565 1622 1629 Neque

122 1629 253 1676 enim
277 1630 416 1677 nobis
441 1646 563 1693 opus
588 1638 665 1677 est
694 1630 863 1678 afferre
899 1630 1162 1694 singularia
1204 1629 1471 1692 specimina
1506 1632 1621 1679 vali·

123 1693 270 1741 dioris
302 1695 564 1752 memoriae,
606 1703 663 1743 ut
702 1696 956 1744 Hortensii
997 1696 1214 1752 oratoris,-
1258 1710 1405 1759 quem
1447 1696 1623 1745 Cicero

121 1768 286 1808 narrat
312 1778 383 1818 ea,
411 1778 520 1825 quae
544 1777 711 1810 secum
737 1770 1099 1810 commentatus
1131 1770 1272 1818 esset,
1301 1763 1403 1809 sine
1440 1763 1622 1828 scripto

123 1826 287 1874 omnia
309 1827 516 1876 reddere
539 1828 756 1892 potuisse
780 1828 951 1876 iisdem
968 1828 1144 1884 verbis,
1171 1829 1345 1892 quibus
1365 1829 1622 1892 cogitavis-

122 1899 210 1948 set,
237 1893 336 1941 sive
359 1898 630 1957 poetarum,
656 1902 762 1942 tum
799 1895 1207 1956 αὐτοσχεδιαζόντων,
1244 1895 1326 1959 qui
1368 1894 1505 1943 Italis
1542 1896 1622 1943 im-

113 1958 435 2020 provisatores
470 1968 725 2017 vocantur,
765 1968 871 2008 tum
918 1961 1122 2008 aliorum
1169 1961 1450 2017 multorum,
1501 1978 1621 2026 quos

121 2031 328 2080 constat,
353 2025 621 2089 praesertim
645 2026 934 2074 interdictos
957 2043 1048 2074 usu
1067 2026 1332 2090 scripturae,
1358 2027 1500 2090 plura
1517 2027 1622 2074 mil-

120 2087 186 2135 lia
207 2105 434 2138 versuum
460 2100 510 2139 et
532 2090 705 2140 fecisse
727 2092 780 2138 in
804 2092 982 2149 animo,
1007 2099 1059 2139 et
1081 2093 1330 2140 memoriae
1362 2092 1512 2140 infixa
1536 2109 1620 2140 sae-

121 2154 231 2218 pius
265 2156 525 2220 repetiisse.
596 2158 793 2222 Quippe
827 2174 927 2205 non
962 2158 1150 2222 agimus
1175 2157 1236 2205 de
1271 2158 1389 2205 raris
1425 2160 1620 2223 quibus-

123 2219 233 2268 dam
257 2222 502 2271 miraculis
526 2231 729 2280 naturae‚
755 2240 927 2272 verum
953 2224 1015 2272 de
1050 2224 1214 2272 ordine
1249 2225 1497 2283 hominum,
1527 2242 1620 2288 per

120 2294 261 2334 totam
298 2288 440 2336 vitam
477 2290 584 2337 huic
622 2291 703 2337 mzz'
726 2291 820 2337 arti
860 2292 1138 2348 vacantium,
1178 2297 1230 2338 ut
1250 2292 1326 2338 vel
1355 2299 1629 2354 pangerent

120 2353 357 2412 Camnina,
382 2370 486 2418 quoe
505 2372 614 2403 mox
635 2359 840 2405 canendo
866 2357 1179 2420 divulgarent,
1203 2359 1279 2405 vel
1299 2357 1540 2419 divulgata
1564 2359 1622 2404 ab

121 2419 225 2466 aliis
248 2420 489 2468 discerent.

188 2484 345 2549 Atqui
386 2487 506 2535 tales
530 2487 634 2535 fere
675 2487 867 2535 ordines
904 2488 1158 2536 hominum
1200 2488 1250 2535 in
1275 2488 1379 2536 aliis
1421 2506 1615 2553 quoque

121 2550 311 2614 populis
336 2553 616 2617 reperimus,
643 2553 774 2617 apud
801 2553 1039 2602 Hebraeos
1062 2555 1257 2612 scholas,
1282 2571 1398 2619 quas
1429 2555 1614 2609 dicunt,

122 2617 485 2679 Prophetarum,
512 2628 617 2667 tum
643 2619 950 2684 cognatiores
975 2620 1116 2667 nobis
1140 2621 1347 2677 Bardos,
1381 2622 1615 2675 Scaldroo3

120 2747 205 2788 quod
223 2747 263 2778 ad
277 2759 371 2780 usum
388 2750 614 2790 exemplarium
632 2757 757 2791 spectet.
801 2751 950 2792 Denique
965 2751 1056 2789 adde,
1080 2751 1165 2793 quod
1181 2752 1213 2783 in
1229 2752 1337 2787 verbis,
1355 2752 1468 2792 quibus
1491 2753 1617 2791 rhapso-

122 2791 234 2821 dorum
252 2791 388 2823 recitatio
404 2801 537 2829 notatur,
560 2795 686 2825 nullum
701 2802 755 2830 est,
772 2795 857 2835 quod
873 2795 948 2825 illuc
964 2795 1124 2834 pertineat.
1170 2796 1293 2827 Dicunt
1312 2795 1413 2825 Graeci
1429 2795 1468 2825 de
1483 2805 1518 2824 ea
1533 2793 1616 2833 ᾤδει-ι,

125 2834 264 2871 ψάλλειν,
289 2835 433 2875 μελῳδεῖν,
456 2839 638 2878 μνημονεύειν,
661 2839 881 2879 ἀπαγγέλλειν,
900 2836 1067 2876 διατιθέναι,
1083 2839 1208 2876 similia,
1224 2849 1378 2880 nusquam
1397 2838 1618 2877 &mmmm-,zm

128 2882 183 2907 aut
197 2878 407 2918 ἀναλέγεσθαι.

168 2930 186 2949 a
211 2920 356 2960 Xenoph.
374 2923 516 2962 Sympos.
532 2923 601 2954 111.
617 2927 645 2956 5.

294 2965 428 2996 Phaedro
443 2976 472 3005 p.
487 2970 559 2998 274.
575 2968 612 2997 Ε
