1856 3235
211 231 302 268 182
636 219 1194 268 PROLEGOMENA.

203 349 485 397 haerendum
524 366 624 397 non
665 350 756 398 erit
794 351 845 397 in
870 351 1076 399 occultis
1106 349 1377 414 primordiis
1416 349 1680 396 inconditae

204 415 332 470 artis,
372 432 479 478 quae
517 415 712 479 longam
754 416 1131 478 disputationem
1165 424 1387 478 poscunt,
1427 432 1454 461 a
1491 414 1682 462 Phoeni-

205 497 334 536 cum,
378 480 740 545 AEgyptiorum,
797 481 1133 536 Hebraeorum,
1185 480 1473 527 Latinorum
1529 479 1682 526 literis

204 562 303 592 non
339 545 702 609 sejungendam.
775 545 871 592 Sed
914 562 975 592 ex
998 546 1132 592 hisce
1171 545 1360 608 populis
1386 562 1511 600 eum,
1539 559 1684 607 quem

204 611 360 674 primo
383 611 493 659 loco
513 610 771 666 nominavi,
799 627 900 657 rem
925 610 1003 657 vel
1027 610 1157 673 apud
1181 626 1230 657 se
1265 611 1512 658 inventam
1541 609 1685 657 vidis-

205 693 270 732 se,
296 676 374 724 vel
410 677 479 724 ita
503 676 770 724 excoluisse
813 683 863 722 et
886 676 947 721 ad
987 675 1103 723 alios
1136 674 1356 738 populos,
1398 675 1685 722 nominatim

205 741 422 797 Graecos,
461 741 730 806 pertulisse,
773 749 830 788 ut
853 748 1023 788 auctor
1048 740 1149 804 ejus
1193 740 1289 786 dici
1320 748 1369 788 et
1391 741 1556 788 haberi
1579 757 1686 803 pos-

205 816 292 864 set,
318 816 423 854 tum
448 807 708 853 admodum
745 814 970 853 constans
1003 805 1145 861 fama,
1171 814 1277 853 tum
1311 806 1414 869 ipsa
1447 805 1601 868 figura
1633 805 1688 851 li-

204 880 416 921 terarum
451 872 736 920 Graecarum
772 872 939 918 vincit.
1012 871 1124 927 Quo
1163 878 1383 934 tempore
1418 879 1579 918 autem
1603 869 1686 917 illa

205 939 298 985 tria
318 937 448 985 facta
471 938 580 993 sint,
607 937 981 984 incertissimum
1007 945 1079 984 est
1103 944 1299 999 propter
1318 945 1415 983 tam
1440 935 1593 982 multa
1614 935 1687 982 lu-

206 1004 359 1050 dibria
382 1003 667 1050 fabularum.
737 1002 1038 1049 Tenerernus
1063 1001 1259 1065 aliquid,
1297 1003 1387 1049 nisi
1411 1001 1592 1049 vetusti
1615 1000 1685 1046 illi

206 1070 465 1132 scriptores
491 1068 777 1115 Phoenicum
814 1067 876 1114 ad
901 1067 1128 1114 Phemios
1154 1075 1203 1114 et
1230 1068 1524 1130 Pronapidas
1559 1066 1686 1113 able-

204 1134 352 1197 gandi
395 1141 569 1188 essent,
608 1141 691 1180 aut
732 1133 770 1179 si
815 1132 915 1179 ullo
960 1141 1158 1180 auctore
1195 1141 1454 1188 constaret,
1492 1131 1687 1195 quando

205 1199 309 1246 haec
347 1215 467 1262 gens
509 1207 559 1246 et
599 1198 678 1245 cui
719 1214 879 1244 rerum
919 1198 1088 1260 generi
1126 1198 1411 1260 scripturam
1457 1197 1687 1244 adhibere

207 1265 424 1327 coeperit.
516 1264 702 1310 Verum
737 1262 1013 1326 hujusmodi
1059 1262 1245 1309 nullum
1288 1279 1489 1326 usquam
1531 1269 1690 1309 exstat

206 1330 481 1393 vestigium,
510 1346 565 1376 ac
591 1346 652 1376 ne
676 1329 726 1375 in
760 1328 1061 1376 commerciis
1097 1328 1292 1391 quidem
1329 1337 1378 1376 et
1418 1335 1692 1375 mercatura

207 1395 434 1442 adhibitae
475 1413 501 1442 a
551 1394 863 1441 Phoenicibus
905 1394 1019 1441 artis
1055 1410 1154 1441 suae
1190 1395 1373 1441 mentio
1414 1393 1485 1441 fit.
1577 1392 1691 1441 Hoc

207 1460 289 1523 qui
315 1477 506 1508 mecum
549 1461 763 1516 miratus,
789 1467 865 1507 tot
905 1459 997 1506 alia
1019 1459 1198 1506 indicia
1234 1459 1455 1507 tardioris
1490 1459 1693 1506 culturae

207 1526 457 1574 literarum
490 1526 775 1590 perpendat,
811 1524 1014 1572 forsitan
1040 1525 1202 1572 statim
1224 1525 1275 1572 in
1299 1525 1423 1572 hanc
1450 1524 1692 1572 concedet

209 1592 514 1647 sententiam,
542 1601 611 1646 ut,
652 1590 891 1654 quidquid
915 1608 942 1637 a
965 1590 1210 1637 nonnullis
1237 1590 1298 1638 de
1322 1597 1566 1638 vetustate
1599 1588 1692 1637 fre-

208 1658 430 1721 quentati
471 1674 585 1704 usus
611 1673 773 1704 earum
816 1664 1051 1712 narratur,
1088 1664 1319 1719 tanquam
1361 1662 1691 1703 commentum

209 1724 496 1771 Graecorum
521 1722 697 1770 Graeca
720 1722 815 1769 fide
842 1722 1140 1769 censendum
1165 1738 1267 1768 esse
1292 1721 1566 1769 arbitretur.

277 1790 505 1852 Improba
558 1805 745 1851 semper
781 1787 897 1835 huic
937 1788 1074 1850 genti
1113 1787 1292 1851 cupido
1327 1786 1436 1843 fuit,
1492 1787 1692 1835 clarissi-

209 1872 287 1903 ma
310 1871 515 1918 quaeque
555 1854 779 1900 instituta
819 1870 880 1900 ex
921 1853 1102 1900 ultimis
1135 1853 1434 1916 temporibus
1474 1862 1695 1917 repeten-

209 1921 273 1977 di,
312 1930 361 1968 et
385 1928 576 1967 tantum
608 1936 707 1966 non
744 1919 961 1966 omnium
998 1935 1174 1974 rerum,
1213 1918 1386 1981 quibus
1424 1918 1573 1966 serior
1608 1919 1695 1966 hu-

209 1987 412 2033 manitas
439 1986 707 2041 constabat,
745 1984 1007 2031 utilitatem
1035 1984 1305 2031 inventioni
1344 1984 1547 2032 heroum
1588 2001 1695 2032 suo-

208 2069 316 2099 rum
343 2051 674 2099 consecrandi.
746 2050 806 2097 Id
829 2058 932 2097 tum
960 2050 1158 2097 aliarum
1183 2050 1443 2097 multarum
1467 2058 1572 2097 tum
1607 2051 1696 2098 hu-

201 2117 283 2181 jus
308 2134 501 2181 quoque
537 2117 651 2164 artis
676 2117 855 2180 primos
881 2115 1093 2163 cultores
1117 2115 1406 2163 obscuravit.
1476 2115 1604 2163 Nam
1632 2116 1690 2163 si-

211 2192 295 2231 cut
334 2183 541 2239 Atlanti,
581 2182 781 2246 Cepheo
823 2190 872 2229 et
895 2181 1060 2229 multis
1084 2182 1274 2229 illorum
1305 2181 1570 2244 aequalibus
1610 2198 1695 2230 no-

210 2249 366 2296 titiam
414 2249 625 2296 siderum
672 2248 962 2303 tribuerunt,
1022 2248 1269 2311 antiquam
1313 2246 1490 2294 famam
1537 2247 1695 2295 detor-

211 2315 422 2379 quendo,
462 2315 530 2361 sic
554 2317 713 2377 poetae
736 2313 966 2360 videntur
990 2313 1223 2376 pluribUS,
1252 2329 1372 2376 quos
1396 2314 1454 2360 ab
1492 2313 1696 2361 scientia

210 2380 572 2428 utilissimarum
620 2395 781 2426 rerum
819 2378 1004 2425 laudari
1052 2379 1314 2434 audissent,
1365 2387 1450 2426 aut
1490 2395 1697 2442 quorum

211 2446 385 2493 merita
424 2446 474 2491 in
516 2445 781 2491 humanum
805 2460 960 2508 genus
997 2444 1230 2492 extollere
1266 2444 1462 2500 vellent,
1499 2444 1697 2508 praecla-

211 2528 278 2559 1·ae
302 2510 444 2574 hujus
477 2511 590 2557 artis
632 2527 717 2558 seu
758 2510 970 2558 inventae
1012 2527 1095 2558 seu
1136 2510 1390 2574 insigniter
1427 2509 1698 2558 emendatae

210 2577 543 2642 percultaeque
584 2575 779 2624 laudem
816 2576 1054 2623 tribuisse.
1126 2576 1216 2632 Ita',
1255 2591 1404 2639 quum
1444 2575 1550 2623 illos
1590 2592 1699 2639 pro-

213 2659 404 2707 gressus
428 2659 526 2689 non
552 2643 923 2706 distinguerent,
963 2641 1227 2706 AEschylus
1263 2657 1364 2689 rem
1406 2640 1698 2688 Prometheo

215 2725 316 2765 suo,
354 2707 433 2755 alii
459 2708 682 2771 Cecropi,
710 2707 789 2754 alii
815 2706 1029 2771 Orpheo,
1057 2708 1135 2755 alii
1161 2706 1302 2763 Lino,
1329 2706 1547 2770 plerique
1573 2706 1697 2754 Cad-

213 2791 307 2830 mo,
356 2773 577 2821 nonnulli
626 2772 869 2821 Palamedi
915 2774 1280 2838 assignaverunt
1299 2776 1331 2819 ³.
1403 2771 1528 2820 Haec
1565 2772 1697 2819 dissi-

254 2908 272 2927 a
297 2897 348 2930 Sic
363 2898 530 2939 Euripides
546 2899 577 2930 in
593 2898 689 2930 nobili
705 2899 829 2940 Fragm.
856 2898 1034 2930 Palamedis
1058 2909 1105 2939 ap.
1136 2898 1295 2930 Stobaeum
1318 2895 1465 2941 Florileg-
1481 2895 1520 2928 T.
1535 2895 1698 2930 LXXXI.
