1856 3235
608 212 1170 266 PROLEGOMENA.
1562 219 1581 256 1
1592 215 1650 260 57

170 355 336 405 braico
362 350 532 401 codice
557 365 662 406 suo,
687 362 838 410 quum
862 346 920 393 ab
947 361 1005 392 eo
1029 358 1226 391 omnem
1254 342 1442 406 ingenii
1478 349 1528 389 et
1562 348 1664 388 tan-

173 430 280 470 tum
303 435 401 466 non
424 414 623 463 rationis
645 414 872 459 humanae
913 426 1056 458 usum
1093 416 1334 464 arcerent,
1376 424 1431 454 ea
1472 423 1666 470 quoque

173 495 403 549 tanquam
426 481 681 529 θεόπνευστα
697 477 916 535 reveriti,
941 492 1050 540 quae
1073 490 1206 522 nunc
1232 490 1260 522 a
1284 473 1444 521 doctis
1463 472 1666 520 vitiosis-

176 552 295 599 sima
317 554 569 614 putantur.

876 742 967 791 IV.

241 879 350 928 Nec
373 894 489 926 vero
515 875 767 924 Ernestius
793 874 1057 937 quidquam
1083 871 1242 919 minus
1268 885 1458 934 sperare
1489 869 1668 934 potuit,

173 962 320 1011 quam
343 944 464 992 tales
489 941 772 990 exornando
800 940 1019 987 Homero
1044 945 1300 1001 tantasque
1322 936 1484 999 copias
1506 952 1671 999 super-

177 1028 299 1069 esse,
346 1017 541 1074 quantae
585 1008 659 1054 his
696 1008 894 1055 demum
935 1014 1121 1069 septem
1169 1003 1306 1051 annis
1368 1002 1669 1065 obtigerunt.

175 1077 286 1127 Jam
309 1076 391 1124 hic
428 1074 597 1139 paucis
637 1073 796 1121 verbis
838 1071 1152 1120 delibandum
1188 1068 1327 1117 nobis
1366 1076 1439 1115 est
1479 1068 1672 1131 insigne

177 1142 406 1191 meritum
435 1139 730 1196 Villoisonii,
761 1138 844 1202 qui
879 1138 1064 1201 primus
1102 1136 1224 1183 duos
1266 1134 1432 1181 Iliadis
1476 1133 1671 1181 codices

177 1208 398 1257 Venetos
421 1207 473 1253 in
495 1205 747 1269 publicum
771 1204 977 1268 protulit
1002 1219 1114 1250 cum
1141 1218 1198 1249 ea
1222 1199 1527 1248 Scholiorum
1559 1214 1672 1246 con-

179 1273 332 1338 gerie,
356 1288 465 1336 quae
490 1271 797 1334 antiquarum
823 1277 872 1317 et
897 1269 958 1316 ad
981 1269 1155 1316 horum
1181 1266 1464 1314 Carminum
1488 1265 1588 1312 fata
1623 1271 1674 1312 et

178 1347 345 1387 textus
369 1337 701 1385 conditionem
724 1335 1110 1400 perspiciendam
1153 1332 1348 1380 utilium
1388 1347 1550 1378 rerum
1593 1347 1672 1378 co-

178 1405 309 1469 piam
334 1403 488 1451 multo
512 1402 764 1466 maiorem,
791 1418 935 1465 quam
962 1399 1124 1448 caeteri
1149 1399 1200 1445 in
1236 1414 1390 1445 unum
1433 1396 1596 1445 collati
1619 1396 1674 1442 li-

179 1470 255 1518 bri
279 1485 464 1527 omnes,
489 1468 786 1532 suppeditat,
812 1476 959 1530 atque
984 1466 1182 1513 omnino
1208 1463 1389 1512 criticis
1432 1472 1481 1511 et
1516 1479 1673 1526 gram-

180 1535 370 1582 maticis
396 1534 577 1582 divitiis
602 1550 701 1580 non
725 1533 871 1580 modo
898 1531 1172 1588 Eustathio,
1198 1530 1283 1578 sed
1308 1530 1532 1577 omnibus
1573 1544 1673 1576 om-

179 1601 315 1649 nium
339 1604 593 1664 poetarum
618 1598 898 1646 Scholiastis
922 1598 1069 1661 longe
1088 1595 1354 1644 antecellit.
1406 1596 1672 1658 Ignoscen-

181 1667 244 1715 da
277 1666 339 1713 sit
378 1664 543 1712 forsan
591 1665 834 1728 cupiditas
883 1664 1106 1728 quaedam
1151 1662 1200 1708 in
1239 1661 1486 1708 laudando
1530 1660 1673 1717 libro,

182 1748 328 1795 quem
351 1731 498 1795 longa
533 1738 584 1778 et
623 1747 826 1794 operosa
865 1729 1094 1777 tractatio
1138 1728 1278 1775 nobis
1325 1743 1491 1775 carum
1537 1725 1672 1773 fecit.

179 1797 368 1846 Verum
391 1797 460 1845 ita
484 1796 547 1845 de
569 1795 653 1843 illo
678 1813 922 1860 quemque
943 1795 1219 1843 existimare
1239 1802 1386 1857 cogat
1403 1793 1524 1841 levis
1545 1808 1676 1840 com-

180 1863 366 1928 paratio
391 1865 585 1920 eorum,
603 1879 712 1926 quae
734 1862 785 1909 in
810 1863 905 1910 hoc
929 1877 1111 1926 genere
1136 1869 1275 1908 erant
1291 1860 1425 1923 prius
1450 1858 1670 1922 vulgata:

183 1945 324 1978 secus
345 1929 427 1993 qui
446 1928 739 1986 sentiebant,
758 1927 837 1976 vel
861 1944 961 1975 non
985 1935 1208 1975 recentes
1234 1933 1371 1973 erant
1389 1943 1417 1972 a
1440 1923 1678 1973 Scholias-

182 2003 342 2042 tarum
366 1994 597 2052 lectione,
627 1994 706 2042 vel
748 1994 946 2042 editoris
980 1993 1136 2056 prima
1169 1991 1487 2055 promissione
1521 1991 1572 2036 in
1606 1990 1678 2036 ni-

182 2061 330 2108 miam
354 2077 487 2124 spem
513 2060 683 2118 erecti,
718 2060 918 2123 speratis
959 2075 1074 2106 mox
1115 2059 1302 2105 minora
1343 2074 1392 2104 se
1430 2055 1679 2119 accepisse

185 2142 316 2190 aegre
339 2124 576 2174 ferebant.
652 2126 895 2173 Videntur
919 2125 1041 2172 adeo
1064 2123 1230 2181 fuisse,
1248 2123 1330 2187 qui
1347 2139 1498 2187 quum
1524 2122 1677 2169 Zeno-

187 2191 310 2249 doti,
350 2191 640 2250 Aristarchi,
678 2192 907 2250 Cratetis‚
945 2190 1221 2248 Alexionis,
1258 2197 1334 2237 tot
1368 2189 1571 2236 aliorum
1608 2186 1678 2235 A·

185 2257 600 2316 lexandrinorum,
624 2257 823 2306 nomina
841 2258 908 2305 ibi
928 2274 1054 2320 saepe
1080 2255 1255 2313 afferri,
1274 2255 1512 2303 lectiones
1531 2254 1678 2302 etiam

188 2323 478 2380 editionum,
504 2341 705 2387 quarum
747 2323 907 2371 tenuis
949 2324 1010 2370 ad
1050 2339 1138 2370 nos
1179 2321 1413 2370 memoria
1447 2320 1679 2378 venisset,

189 2397 335 2453 atque
361 2389 622 2437 multorum
650 2390 912 2453 singularia
937 2390 996 2437 de
1025 2389 1246 2436 Homero
1281 2387 1460 2451 scripta
1491 2386 1679 2433 laudari

187 2455 503 2513 audivissent,
529 2456 764 2503 continuo
787 2455 873 2503 has
896 2456 1022 2519 ipsas
1046 2453 1485 2502 commentationes
1511 2461 1560 2500 et
1585 2453 1683 2515 6103-

188 2522 349 2579 δώσεις,
387 2522 437 2567 in
462 2537 614 2568 unum
654 2538 828 2585 corpus
871 2529 1166 2584 compactas,
1195 2519 1334 2567 nobis
1370 2518 1586 2566 oblatum
1623 2517 1681 2564 iri

189 2586 521 2650 opinarentur.
592 2587 815 2635 Tandem
855 2587 1037 2650 prodiit
1076 2587 1216 2643 liber,
1251 2585 1398 2650 longa
1433 2592 1685 2647 exspecta-

189 2651 324 2700 tione
349 2652 604 2701 doctorum
632 2652 923 2710 celebratus,
964 2651 1072 2716 plus
1109 2651 1312 2699 dimidio
1347 2651 1504 2698 minor
1539 2665 1684 2712 quam

192 2716 492 2766 Eustathius.
564 2719 629 2766 Et
652 2718 818 2766 attulit
838 2718 1176 2766 tantummodo
1197 2734 1257 2765 ex
1281 2717 1375 2764 illis
1401 2716 1686 2764 criticorum

192 2790 244 2831 et
266 2783 586 2847 interpretum
611 2785 838 2849 operibus
860 2784 1124 2848 Excerpta,
1144 2800 1240 2831 non
1263 2800 1321 2831 eo
1342 2783 1567 2830 instituto
1586 2778 1687 2827 fac-

192 2855 261 2906 ta,
285 2849 418 2912 quod
442 2851 547 2913 quis
572 2859 793 2898 nostrum
835 2867 967 2898 nunc
996 2858 1226 2914 sequatur
1263 2850 1314 2896 in
1356 2845 1686 2909 excerpendo,

194 2914 340 2963 modo
367 2915 607 2978 uberiora,
650 2917 798 2967 modo
841 2918 1196 2975 contractiora3
1232 2913 1451 2979 plurimis
1489 2909 1687 2976 quidem
