1856 3235
198 205 295 246 286
671 193 1230 244 PROLEGOMENA.

197 327 369 375 fecisse
395 326 746 383 Aristarchum,
772 343 915 391 quam
938 327 1058 375 fecit
1076 326 1368 392 Apollonius
1395 325 1616 373 Rhodius
1632 333 1682 374 et

198 392 277 440 alii
317 400 485 456 postea
508 409 605 440 non
642 394 801 456 pauci,
828 394 1015 456 scriptis
1039 394 1135 440 suis
1174 394 1349 440 iterum
1372 391 1595 438 limandis
1634 399 1684 440 et

198 458 585 522 castigatioribus
609 458 825 506 edendis.
897 459 1203 521 Quanquam,
1237 474 1385 521 quum
1409 457 1609 520 praecise
1632 457 1684 504 id

195 540 398 587 negasse
421 524 641 572 videatur
678 523 984 579 Ammonius,
1009 523 1168 586 gravis
1191 532 1375 579 auctor,
1411 523 1514 570 fieri
1538 522 1684 569 etiam

196 589 319 637 illud
342 590 516 654 potuit,
541 596 598 636 ut
621 589 697 636 vel
713 606 773 636 ex
796 588 1154 635 adnotamentis
1173 588 1478 652 exemplaris,
1496 587 1684 635 heredi-

196 658 288 704 bus
312 655 484 711 relicti,
510 654 588 702 vel
610 671 671 702 ex
693 653 825 701 libris
851 653 1336 710 Commentariorum,
1363 653 1441 701 vel
1464 670 1525 701 ex
1549 652 1685 700 scho-

195 721 269 778 lis,
304 721 354 768 in
379 722 551 784 quibus
576 719 838 767 sententias
863 735 970 765 suas
995 718 1221 766 secundis
1246 719 1374 766 curis
1396 718 1684 775 retractarit,

200 787 576 835 concinnaretur
600 783 820 831 recensio
844 800 972 831 nova
990 791 1039 832 et
1056 784 1231 848 passim
1252 784 1442 831 diversa
1464 801 1492 831 a
1507 785 1685 847 priore,

198 870 342 917 quam
382 852 484 915 ipse
525 849 869 914 publicaverat.
942 849 1036 896 Hae
1074 849 1347 913 probabiles
1393 848 1686 912 conjecturae

199 927 313 966 sunt
337 915 600 965 doctissimi
625 914 899 963 Villoisonii
923 920 955 971 ²,
983 915 1155 978 quibus
1179 915 1388 963 libenter
1413 915 1684 977 acquiesco.

198 985 308 1032 Nec
327 999 486 1046 operae
502 981 713 1045 pretium
730 990 850 1043 puto
869 980 1051 1028 haerere
1074 981 1125 1027 in
1150 997 1223 1038 eo,
1250 981 1381 1044 quod
1398 980 1687 1027 Ammonius

198 1050 290 1097 iste
314 1048 392 1096 vel
418 1046 719 1101 Posidonius,
744 1045 989 1092 familiaris
1014 1053 1064 1093 et
1087 1054 1375 1110 anagnostes
1397 1045 1684 1101 Aristarchi,

198 1115 277 1163 vel
312 1112 601 1161 Ptolemaeus
638 1110 922 1158 Ascalonita
948 1111 1026 1158 vel
1063 1111 1305 1175 Didymus
1327 1112 1495 1174 paucis
1529 1111 1689 1158 verbis

200 1197 287 1228 nos
314 1180 564 1233 docerent,
592 1177 629 1223 si
655 1183 916 1232 exstarent,
942 1176 1080 1223 nobis
1104 1185 1283 1233 autem,
1300 1185 1356 1223 ut
1379 1176 1550 1223 similia
1567 1176 1687 1222 mul-

203 1255 266 1302 ta,
294 1243 557 1308 cogitando
581 1249 631 1290 et
654 1241 920 1289 divinando
950 1241 1013 1289 ad
1035 1241 1273 1305 liquidum
1296 1242 1567 1305 perducere
1590 1257 1689 1289 non

200 1311 332 1359 licet.
1689 1312 1691 1314 ’

268 1376 518 1440 Pergimus
542 1373 604 1422 ad
628 1373 1004 1437 descriptionem
1029 1373 1325 1421 recensionis
1351 1371 1689 1428 Aristarcheae,

201 1443 253 1490 in
277 1450 512 1506 quantum
537 1439 619 1487 illa
642 1455 704 1486 ex
722 1446 821 1486 tam
838 1439 1006 1503 paucis
1028 1439 1237 1496 indiciis,
1263 1438 1479 1487 adhibita
1503 1437 1692 1502 conjec-

203 1516 314 1556 tura
339 1516 387 1555 et
411 1507 572 1554 animo
606 1505 657 1552 in
680 1505 774 1552 ista
807 1513 1028 1568 tempora
1065 1521 1315 1561 converso,
1358 1521 1386 1551 a
1419 1505 1556 1552 nobis
1589 1503 1691 1551 fieri

200 1573 397 1638 poterit.
468 1571 571 1619 Etsi
598 1570 741 1626 enim,
769 1578 825 1618 ut
849 1570 965 1627 dixi,
1003 1570 1190 1617 nullum
1231 1578 1451 1618 veterum
1489 1569 1694 1618 Critico-

200 1656 309 1687 rum
346 1638 518 1686 melius
541 1636 912 1701 cognoverimus
954 1635 1256 1694 Aristarcho,
1292 1643 1471 1691 tamen,
1515 1635 1553 1682 si
1593 1651 1693 1682 non

204 1705 388 1769 aliquot
423 1703 685 1767 particulas
723 1702 808 1750 sed
845 1701 1069 1749 universa
1109 1717 1310 1765 corpora
1349 1707 1552 1764 spectes,
1593 1707 1693 1747 tam

203 1787 375 1834 parum
401 1770 545 1817 etiam
563 1769 614 1815 in
637 1768 734 1815 hoc
758 1767 890 1831 pleni
915 1774 1029 1814 sunt
1051 1766 1211 1814 fontes
1236 1767 1403 1822 nostri,
1424 1774 1480 1814 ut
1502 1782 1565 1813 ne
1589 1767 1695 1813 bre-

204 1836 446 1884 vissimam
472 1834 668 1899 quidem
692 1833 1002 1897 rhapsodiam
1040 1832 1219 1880 Iliados
1256 1832 1318 1879 ad
1340 1840 1556 1879 mentem
1591 1831 1693 1894 ejus

205 1902 553 1949 reconcinnare
595 1908 646 1947 et
681 1900 938 1947 restituere
980 1915 1041 1946 ex
1080 1897 1173 1945 illis
1208 1897 1369 1945 liceat.
1443 1897 1694 1944 Habemus

206 1967 308 2031 ejus
332 1967 507 2014 multas
533 1973 583 2013 et
617 1965 835 2029 egregias
860 1964 1108 2019 lectiones,
1147 1963 1321 2026 partim
1345 1962 1493 2026 vulgo
1529 1979 1694 2026 recep-

204 2041 277 2080 tas
303 2034 361 2081 ab
386 2032 610 2081 omnibus
629 2030 664 2087 ¹³,
690 2030 863 2094 partim
888 2028 1213 2094 praeferendas
1236 2029 1325 2085 his,
1353 2045 1461 2092 quae
1483 2037 1695 2091 receptae

246 2183 266 2203 a
289 2172 413 2213 Proleg.
435 2171 475 2202 ad
492 2170 530 2202 11.
546 2182 575 2210 p,
592 2171 744 2202 XXVII.

244 2217 267 2246 b
288 2215 382 2246 Locis
397 2215 577 2250 innumeris,
600 2215 655 2244 ubi
670 2213 702 2243 id
718 2223 841 2253 prorsus
855 2213 1026 2250 nescimus3
1052 2211 1128 2248 aliis,
1144 2212 1177 2242 in
1193 2211 1314 2252 quibuS,
1337 2210 1457 2242 collatis
1473 2211 1620 2241 omnibus
1644 2210 1693 2242 in-

204 2258 392 2293 strumentis,
414 2264 538 2288 tantum
553 2256 720 2288 verisimile
735 2256 778 2291 fit,
797 2256 1026 2286 Aristar-cheam
1041 2255 1194 2285 rationem
1210 2255 1243 2285 in
1258 2255 1385 2295 vulgato
1400 2260 1486 2285 textu
1501 2260 1607 2284 nostro
1622 2263 1699 2290 esse;

205 2301 314 2333 multis
335 2301 479 2341 denique,
502 2301 535 2330 in
550 2300 664 2341 quibus
689 2309 755 2330 rem
776 2309 861 2329 nunc
883 2299 1010 2329 tandem
1033 2299 1252 2337 comperimus.
1296 2298 1393 2328 Verbi
1414 2308 1460 2338 gr.
1483 2300 1521 2333 β’.
1544 2300 1618 2328 397.
1645 2297 1698 2336 γί-

207 2357 306 2377 νωνται
345 2344 412 2385 (alii
445 2344 618 2374 scribebant
648 2343 767 2383 γίνηται
791 2352 820 2372 v,
849 2353 877 2381 p.
903 2343 990 2381 271.)
1023 2340 1055 2372 δ’.
1079 2346 1150 2373 299.
1180 2342 1301 2372 ἵλασο-εν
1335 2341 1388 2382 (al.
1419 2340 1539 2383 ἔεργεν.)
1564 2344 1591 2370 ε’.
1622 2342 1699 2371 797.

206 2390 313 2430 τείρετο
329 2387 382 2428 (al.
398 2386 537 2429 τρίβετο.)
563 2390 596 2419 η’.
609 2389 682 2415 215.
704 2385 789 2422 βιβάς
807 2385 875 2426 (alii
889 2386 984 2422 βιβῶν,
1007 2384 1091 2425 quod
1106 2385 1210 2424 ipsum
1225 2390 1331 2415 tamen
1348 2386 1376 2415 ρ’.
1391 2387 1465 2414 507.
1486 2382 1631 2413 tribuitur
1648 2383 1695 2412 A·

207 2430 382 2469 ristarcho.)
404 2432 429 2464 ι’,
445 2433 518 2460 510.
541 2429 640 2471 φρονέω
656 2428 709 2470 (al.
726 2428 856 2470 κρανίω.)
874 2432 915 2467 μ’.
930 2431 980 2458 50.
997 2428 1120 2461 {aruinam
1143 2427 1196 2470 (al.
1221 2427 1242 2457 s.
1265 2426 1422 2466 {aroino-av.)
1449 2428 1517 2456 142.
1533 2425 1617 2459 ἔῦντις
1641 2424 1696 2466 (al.

208 2473 330 2514 ἔὸντας.)
353 2475 381 2503 ν“.
397 2476 468 2503 246.
491 2474 621 2512 θεράπων
636 2471 679 2506 ἐῢς
704 2471 758 2512 (al.
774 2470 963 2516 δουξίκλυτος.
1008 2471 1057 2501 Ex
1072 2470 1135 2506 illo,
1160 2470 1213 2511 qui
1229 2477 1300 2501 ante
1324 2471 1364 2500 A.
1379 2470 1482 2508 inepte
1507 2467 1698 2498 scribebatur

210 2523 404 2561 &seam-avem,
428 2515 506 2545 sicut
521 2515 682 2552 Ἐτεωνεὺς,
706 2513 829 2544 Harles.
845 2514 878 2543 in
895 2513 977 2545 Bibl.
1003 2514 1093 2544 Fabr.
1117 2514 1207 2544 nobis
1231 2513 1306 2544 facit
1331 2511 1581 2543 Grammaticum
1604 2511 1699 2541 Eteo-

207 2570 314 2595 neum,
339 2565 374 2589 ut
390 2558 598 2588 Xenodocum
624 2567 662 2587 ex
687 2557 829 2587 Eustath.
853 2557 892 2587 ad
915 2560 953 2597 ιγ’.
968 2557 1058 2597 554.)
1080 2559 1153 2588 415.
1176 2557 1255 2587 ἰόντα
1279 2556 1333 2597 (al.
1349 2555 1370 2585 f.
1393 2555 1496 2595 ἔὸντα.)
1520 2558 1592 2584 446.
1610 2552 1643 2587 δή
1668 2567 1698 2584 en

207 2603 337 2642 ἰΐονκαμεν
353 2601 406 2643 (al.
424 2599 456 2634 δή
472 2615 500 2632 τι
515 2602 540 2632 o·’
556 2601 643 2641 ἐΐσκ.)
665 2601 698 2638 ξ’.
713 2604 763 2631 40.
786 2601 877 2638 «πη-ἦξε
902 2600 956 2641 (al.
971 2600 1066 2639 πῆξε.)
1093 2602 1161 2631 157.
1175 2605 1212 2629 ut
1234 2601 1265 2630 ν’.
1281 2602 1331 2630 59.
1347 2604 1378 2628 et
1401 2597 1475 2628 alibi
1499 2595 1698 2631 πολυπίδακος

208 2646 265 2687 (al.
281 2643 508 2684 πολυπιδάκου.)
532 2645 560 2674 o‘·
575 2647 626 2674 64.
641 2644 772 2676 ἀνστήσει
787 2643 813 2673 ἕν
829 2644 935 2686 ἑταῖρον
951 2642 1004 2684 (al.
1019 2643 1177 2675 ἀνστήσων
1192 2642 1248 2682 ἔτ.)
1275 2644 1344 2672 187.
1360 2643 1386 2672 τ’
1410 2642 1441 2671 ἔκ
1468 2641 1567 2677 Κρῦνου
1588 2640 1642 2681 (al.
1667 2651 1699 2670 ‘rs

209 2688 334 2732 Πρίνου.)
358 2691 430 2719 621.
452 2688 540 2719 αὐτὴν
563 2686 618 2728 (al.
639 2686 757 2725 ἀκτήν.)
781 2687 821 2717 τ’.
845 2689 896 2716 51.
918 2686 1058 2728 Αἶνιιρέτη
1082 2686 1136 2727 (al.
1158 2684 1336 2728 Αἷνωρὲτης.)
1358 2687 1430 2715 261.
1451 2684 1575 2724 ’ἔχοντας
1600 2682 1654 2724 (al.
1669 2682 1700 2713 ἕ-

207 2732 336 2772 χαντες.)
358 2733 387 2772 ρ’.
403 2733 476 2761 637.
496 2729 563 2772 δεῦρ’
580 2730 704 2773 eiecimus
729 2729 782 2770 (al.
809 2729 850 2759 νῦν
872 2729 1023 2773 ὅρόωντες.)
1047 2731 1078 2760 v‘.
1102 2732 1153 2759 28-
1177 2728 1210 2758 τέ
1224 2741 1271 2767 μιν
1294 2727 1348 2769 (al.
1373 2729 1403 2758 τί
1416 2728 1492 2766 μιν.)
1518 2729 1596 2760 114..
1620 2731 1656 2756 ut
1669 2727 1701 2756 α’.

211 2777 290 2810 127..
314 2775 331 2806 ἦ
358 2773 379 2804 δ’
408 2772 507 2813 ἄμυδις
532 2771 586 2813 (al.
612 2771 631 2805 ἦ
653 2770 706 2811 δὲ.)
730 2774 775 2811 ψ.
804 2775 851 2802 18.
873 2772 1043 2814 &agamiam
1076 2771 1130 2812 (al.
1154 2769 1338 2813 ἀνδροφᾶνου.)
1361 2772 1400 2801 ω’.
1432 2773 1499 2801 125.
1522 2769 1621 2811 κλισίῃ
1645 2767 1699 2809 (al.

209 2817 290 2857 plur.
306 2817 437 2859 κλισίῃς)
460 2819 533 2846 544.
549 2815 642 2846 ἐθέλει
667 2815 720 2855 (al.
736 2815 850 2857 ἐθέλῃ.)
875 2818 947 2846 546.
972 2816 1030 2845 Τῶν
1047 2815 1100 2856 (al.
1119 2814 1187 2854 Τῷ.)
1203 2820 1260 2844 etc.
1304 2813 1408 2848 Levia,
1424 2813 1530 2848 fateor,
1554 2817 1628 2842 sunt
1641 2811 1699 2841 ista

208 2870 357 2902 magnam
373 2866 502 2899 partem,
525 2868 583 2888 nec
598 2858 702 2898 qualia
717 2868 736 2888 a
751 2857 895 2888 Bentleio
923 2857 1138 2888 Alexandrino
1163 2862 1325 2897 exspectem,
1351 2856 1405 2887 sed
1427 2857 1511 2888 bona
1533 2861 1639 2887 tamen
1668 2859 1698 2884 et

210 2904 358 2943 appositis
373 2902 531 2942 scripturis
545 2901 658 2932 merito
673 2900 808 2941 praelata.
855 2901 982 2941 Sumpsi
998 2906 1105 2932 autem
1118 2901 1193 2937 haec,
1217 2909 1282 2931 non
1297 2899 1387 2941 elegi.
