1856 3235
199 230 295 275 2-70
652 218 1212 268 PROLEGOMENA.

195 367 338 416 quam
361 350 531 414 lingua
553 351 615 398 ad
638 351 954 399 subtilitatem
978 358 1330 415 praeceptorum
1356 350 1588 399 curiosius
1607 369 1680 401 re-

191 417 353 465 vocari
378 425 539 480 coepta
562 425 680 474 erat,
705 418 850 465 etiam
881 417 1134 490 ingenioso
1157 417 1253 464 labi
1276 416 1414 464 licuit
1438 426 1488 464 et
1510 416 1678 464 incon-

192 483 340 530 stanti
376 499 478 530 esse
501 482 552 529 in
586 482 680 529 hoc
715 499 911 546 geneie,
946 483 1078 545 quod
1117 482 1314 555 ingenio
1336 482 1493 529 minus
1534 499 1678 546 quam

191 556 294 595 arte
321 548 520 611 regitur.
592 548 704 611 Ipsa
721 565 753 594 v
757 564 838 595 ero
857 564 931 594 als
956 563 1099 609 quam
1120 547 1307 610 exiguis
1330 547 1381 594 in
1405 549 1547 595 rebus
1562 547 1680 595 titu-

185 615 272 661 bet
306 629 500 660 cursum
533 613 827 675 ingiediens,
853 628 1093 675 quamque
1135 612 1178 659 ei
1211 629 1418 675 pronum
1453 613 1529 668 sit,
1557 613 1674 660 dum

185 679 316 726 inter
340 678 744 725 consuetudinem
768 678 1057 740 scriptorum
1079 685 1129 724 et
1145 677 1411 740 legitimam
1437 678 1676 726 rationem

189 743 457 806 dijudicare
482 743 661 798 studet,
688 744 747 790 ab
772 751 974 806 utraque
999 758 1167 790 norma
1188 743 1522 805 imprudenter
1543 745 1678 791 aber-

188 825 310 865 rare,
336 809 520 856 nemini
552 807 848 871 intelligenti
873 810 1133 855 obscurum
1159 824 1261 855 esse
1295 815 1466 870 potest.
1503 808 1677 871 Itaque

184 874 389 922 fuerunt
406 873 652 921 interdum
677 874 869 930 eruditi,
891 874 974 947 qui
993 873 1278 929 Varronem,
1301 881 1351 920 et
1375 873 1412 919 si
1438 873 1520 936 qui
1535 873 1677 937 hujus

185 940 395 1003 aequales
443 940 503 986 de
551 939 705 987 causis
752 939 983 986 sermonis
1030 938 1194 986 Latini
1237 939 1514 1002 anquirunt,
1563 956 1676 986 con-

182 1006 409 1078 temptim
428 1005 691 1052 invitarent
715 1005 776 1051 ad
801 1004 986 1052 scholas
1011 1021 1133 1060 suas,
1161 1012 1215 1051 ut
1240 1020 1348 1067 quae
1366 1003 1480 1051 olim
1497 1003 1677 1052 frustra

181 1071 528 1144 quaesivissent,
555 1069 783 1117 facillime
809 1078 859 1117 et
882 1070 1241 1117 accmatissime
1283 1069 1542 1117 discerent.
1613 1070 1673 1117 In

182 1136 447 1200 primisque
482 1151 608 1198 saepe
630 1134 773 1197 periti
796 1135 978 1197 linguae
1021 1134 1296 1190 Hebraicae‚
1331 1134 1468 1197 cujus
1507 1143 1672 1183 tamen

178 1200 464 1264 quantillam
503 1207 688 1263 partem
722 1200 1123 1262 complectantur,
1161 1200 1373 1247 viderint
1406 1200 1511 1263 ipsi,
1550 1201 1672 1247 deri-

179 1267 294 1313 dere
336 1265 493 1312 solent
532 1265 786 1312 Philonem
823 1265 854 1313 J
858 1265 1066 1321 udaeum,
1105 1264 1388 1328 Origenem,
1432 1264 1679 1330 Hierony--

179 1348 331 1387 mum,
368 1338 541 1394 utpote
566 1347 771 1394 quorum
797 1331 1015 1394 cognitio
1055 1330 1273 1377 florentis
1297 1330 1457 1378 adhuc
1490 1330 1673 1395 linguae

174 1396 323 1460 longe
363 1404 550 1444 remota
591 1404 693 1444 erat
734 1397 792 1443 ab
831 1413 888 1444 ea
925 1395 1208 1452 subtilitate,
1252 1412 1395 1460 quam
1435 1395 1669 1459 professio

180 1461 501 1509 Grammatici
526 1461 746 1525 exigeret
770 1468 802 1509 ³.

243 1528 413 1592 Atque
432 1527 495 1574 ad
517 1528 644 1575 hanc
669 1536 863 1575 aetatem
889 1527 1080 1575 Graecae
1102 1528 1285 1592 linguae
1316 1529 1671 1592 retorquendus

177 1601 252 1641 est
277 1595 464 1641 animus
490 1601 668 1650 noster,
696 1601 752 1640 ut
787 1593 847 1640 de
871 1593 1038 1656 primis
1074 1595 1188 1641 artis
1223 1594 1500 1642 auctoribus
1534 1603 1671 1642 recte

177 1667 228 1707 et
264 1676 377 1706 cum
411 1659 638 1722 aequitate
670 1658 964 1722 judicemus.
1035 1659 1161 1722 Ipsae
1196 1659 1391 1723 quidem
1429 1659 1669 1708 Zenodoti

176 1724 427 1788 scripturae
452 1724 712 1788 diligenter
732 1741 949 1772 excussae
968 1723 1224 1772 manifesto
1249 1724 1530 1782 ostendunt,
1549 1726 1669 1772 mul-

172 1798 247 1837 tas
288 1790 647 1837 observationes
690 1798 739 1837 et
775 1790 966 1854 regulas
1007 1790 1239 1837 sermonis
1282 1799 1502 1854 tempore
1539 1791 1667 1838 illius

173 1855 394 1904 nondum
414 1855 705 1913 constitisse,
730 1872 847 1918 quas
882 1872 1015 1902 nunc
1041 1855 1175 1903 docti
1199 1855 1484 1918 indoctique
1517 1856 1670 1920 vulgo

171 1921 433 1984 sequimur.
505 1921 575 1969 Ut
610 1921 671 1969 de
713 1920 934 1968 dualibus
958 1937 1057 1968 non
1097 1921 1337 1984 ponendis
1361 1922 1469 1968 vice
1508 1921 1667 1985 plura-

169 1986 290 2034 lium
315 1993 353 2045 ὓ,
377 1987 438 2034 de
465 1986 733 2035 Homerico
758 2004 847 2035 usu
872 1986 1063 2034 articuli
1087 1994 1119 2043 ⁶,
1148 1986 1209 2033 de
1227 1987 1548 2050 potestatibus
1562 1987 1668 2051 plu-

215 2134 235 2154 ὃ
258 2124 319 2155 Cui
337 2125 463 2164 ignotus
478 2131 525 2155 est
542 2124 714 2164 Scioppius,
738 2127 909 2156 cloacinam
939 2126 1183 2157 Grammaticam
1215 2125 1433 2155 Romanorum
1460 2124 1576 2165 ubique
1598 2135 1668 2156 cre·

171 2168 269 2206 pans'?
294 2168 360 2197 Nec
376 2167 474 2198 levius
488 2168 554 2199 Jos.
579 2168 718 2208 Scaliger
733 2175 860 2208 questus
876 2175 906 2198 et
921 2168 974 2198 alii
989 2168 1028 2198 de
1043 2168 1208 2198 ineruditis
1222 2168 1299 2198 olim
1323 2168 1434 2198 studiis
1448 2167 1568 2207 linguae
1595 2168 1665 2198 He-

167 2210 289 2240 braicae.
329 2211 447 2240 Contra
461 2221 539 2251 quos
548 2212 679 2241 breviter
695 2211 749 2241 sed
770 2211 1005 2241 accommodate
1020 2210 1059 2241 ad
1074 2212 1160 2241 hunc
1175 2210 1282 2241 locum
1298 2217 1439 2241 nostrum
1452 2210 1589 2250 disputat
1603 2211 1664 2241 Er-

172 2260 251 2283 nest.
279 2253 395 2292 Opusc.
412 2253 518 2292 philol.
533 2264 562 2293 p.
583 2258 654 2285 296.
671 2265 733 2294 sqq.

213 2297 233 2325 b
258 2296 340 2325 Vide
355 2295 393 2325 ad
410 2300 449 2336 γ’.
465 2300 538 2328 279.
558 2300 630 2328 459.
653 2297 707 2327 ubi
735 2297 769 2327 Z.
792 2297 942 2328 scribebat
958 2298 1131 2328 ἀποτίνετον.
1169 2296 1264 2338 (Cod.
1288 2298 1450 2328 ἀποτίνει-ε.
1493 2296 1556 2327 Sed
1569 2296 1665 2327 satius

169 2345 216 2369 est
231 2338 346 2368 menda
363 2339 560 2369 Scholiorum
576 2340 667 2369 tacite
690 2339 866 2380 corrigere.)
890 2342 1012 2380 §.1152-
1035 2340 1162 2370 22548.
1187 2339 1303 2370 2'.627.
1327 2342 1358 2370 0‘.
1383 2343 1456 2370 547.
1472 2341 1506 2371 α’.
1522 2341 1594 2369 287.
1616 2341 1663 2378 ψ’.

171 2384 243 2412 755.
267 2381 335 2412 add.
353 2384 388 2411 ω’.
406 2385 477 2412 282.
492 2382 570 2412 ubi
562 2392 594 2412 ln
610 2383 787 2413 societatem
804 2384 900 2424 hujus
913 2384 1025 2414 erroris
1039 2382 1239 2413 adducuntur
1264 2382 1372 2413 Crates
1387 2389 1417 2413 et
1433 2383 1662 2416 Eratosthenes

170 2426 208 2455 9¹
209 2432 258 2455 λον
232 2437 302 2458 τνε
296 2428 450 2464 -Ῑσσυγχε
434 2427 505 2455 σθαι
521 2427 561 2455 τὰ
576 2424 617 2455 δυ’
593 2427 661 2455 νίκα
677 2427 745 2469 παρ’
767 2427 856 2469 Ὁμῆς
860 2442 889 2466 ῳ.
934 2428 983 2456 Ac
999 2426 1103 2464 plures
1117 2436 1136 2455 a
1150 2426 1240 2455 nobis
1256 2426 1328 2456 addi
1356 2431 1480 2465 possent
1494 2425 1592 2464 po'etae
1614 2425 1661 2454 A-

170 2466 363 2497 lexandrinae
379 2474 409 2497 et
424 2468 630 2506 posteriorum
647 2474 782 2504 astatum,
807 2470 861 2509 qui
884 2469 970 2499 illam
988 2469 1215 2503 confusionem,
1238 2479 1333 2509 quam
1357 2475 1388 2498 et
1411 2468 1474 2522 ipsi
1495 2468 1661 2497 imitaban-

168 2517 229 2545 tur,
252 2511 286 2540 in
304 2510 447 2541 Homero
462 2511 589 2541 fortasse
605 2510 645 2541 ad
667 2512 855 2552 exquisitum
870 2522 1046 2543 sermonem
1061 2512 1125 2542 sive
1141 2512 1180 2542 ad
1196 2512 1354 2542 licentiam
1377 2511 1434 2541 aevi
1458 2513 1501 2541 ἀοι
1493 2509 1553 2541 ιδόν
1576 2516 1662 2541 retu-

169 2553 284 2583 lerunt.

214 2607 230 2626 c
256 2597 413 2626 Accurata
429 2602 533 2627 nostra
547 2597 712 2636 praeceptio
735 2597 846 2628 dehac
868 2609 909 2633 re,
933 2598 1014 2629 sicut
1033 2598 1094 2628 alia
1115 2597 1296 2638 hujusmodi
1320 2597 1464 2636 plurima,
1489 2596 1664 2627 Aristarchi

169 2646 224 2674 est,
243 2649 295 2679 ui
311 2639 425 2673 docuit
444 2640 624 2669 Homerum
640 2642 765 2675 συνήθως
783 2643 861 2672 ἐλλει
855 2644 909 2672 ἱιτ,ι
940 2656 971 2672 ι.-ο
960 2643 1048 2684 οῖςᾶίς
1051 2643 1103 2684 θοι
1092 2655 1137 2675 οι.ς
1182 2641 1221 2670 V.
1241 2640 1390 2679 Apollon.
1410 2640 1500 2670 Alex.
1516 2639 1555 2670 de
1571 2640 1661 2679 Synt.

171 2682 200 2712 Ι.
221 2692 249 2721 p.
243 2650 316 2712 q.84
364 2682 521 2712 Plutarch.
549 2683 629 2712 P.lat
655 2684 772 2718 Quaest.
796 2694 824 2722 p.
844 2688 933 2714 1010.
952 2685 994 2714 D.
1010 2692 1039 2714 et
1066 2671 1179 2722 passim
1206 2683 1320 2713 Scholl.
1366 2682 1527 2712 Zenodoto
1551 2682 1657 2723 igitur,

168 2724 253 2763 apud
275 2725 398 2764 politam
420 2735 514 2755 usum
539 2725 586 2754 sui
613 2726 716 2755 saeculi
733 2728 892 2766 quaerenti,
917 2727 1032 2757 multas
1058 2727 1205 2757 lectiones
1224 2725 1391 2755 mutandas
1414 2725 1512 2755 sideri
1535 2735 1661 2755 necesse

168 2768 238 2797 suit.
286 2768 394 2798 1ta1111
409 2768 633 2801 'oistaaefacile
649 2769 768 2799 fiebato‘
784 2771 859 2800 ἐυΙλ
863 2784 895 2799 .·
921 2780 948 2799 v,
964 2770 1003 2800 ad
1022 2770 1119 2800 Catal.
1134 2773 1186 2800 54.
1201 2772 1242 2807 μ’.
1256 2772 1328 2799 565.
1372 2771 1474 2799 .205.
1499 2771 1570 2799 694.
1587 2771 1659 2799 712.

178 2811 285 2840 .555.
308 2813 353 2849 ψ’.
370 2814 442 2842 759.
485 2811 592 2851 Etym.
609 2811 656 2841 Μ.
672 2822 700 2850 p.
716 2815 787 2842 346.
832 2813 921 2842 Eust.
937 2823 965 2852 p.
987 2816 1054 2843 101.
1077 2819 1146 2843 etc*
1169 2822 1269 2852 quum
1296 2821 1371 2841 eum
1395 2821 1480 2841 unus
1503 2811 1592 2841 locus
1620 2815 1660 2841 λ’-

169 2856 221 2883 95.
235 2853 274 2883 ad
290 2863 397 2884 verum
412 2853 525 2884 ducere
541 2854 706 2885 debuisset.
751 2855 781 2882 V
784 2865 872 2886 erum
889 2855 982 2896 hujus
996 2865 1122 2896 quoque
1137 2855 1254 2888 formae,
1280 2864 1320 2884 ne
1335 2864 1405 2884 eam
1420 2855 1454 2884 in
1469 2853 1583 2884 criticis
1598 2863 1660 2884 nu-

167 2895 217 2937 gis
230 2906 427 2935 annumereS,
450 2904 592 2930 auctores
604 2897 773 2931 laudantur
790 2898 952 2930 Hesiodus
966 2904 997 2930 et
1015 2898 1217 2930 Stesichorus
1264 2897 1315 2929 Ob
1335 2897 1469 2929 eandem
1493 2895 1657 2928 necessita·
