1856 3235
198 215 291 254 214
661 203 1222 253 PROLEGOMENA.

189 337 314 392 haec,
340 343 396 383 ut
421 335 647 384 Carmina
669 335 858 384 sincera
880 342 1142 391 servarent,
1171 333 1331 398 qualia
1363 333 1574 397 primum
1611 333 1685 381 fu-

192 402 330 449 derat
355 410 506 449 vates.
577 401 751 465 Itaque
787 401 1074 448 nominatim
1111 399 1336 463 Cynaethi
1361 398 1541 445 familia
1576 399 1686 446 insi-

190 467 401 514 mulatur
423 467 563 515 illum
586 475 692 514 tum
717 466 819 513 aliis
843 466 999 513 modis
1025 466 1310 528 corrupisse,
1336 472 1440 511 tum
1465 464 1685 527 proprios

192 549 355 580 versus
388 533 704 581 inculcavisse
722 535 755 578 ².
827 532 990 587 Quare
1033 530 1258 593 equidem
1302 530 1606 585 crediderim,
1647 530 1686 577 si

193 615 253 645 ex
276 599 446 646 talium
484 598 832 662 rhapsodorum
874 612 963 643 ore
1000 603 1262 658 exceptum
1285 594 1432 642 hodie
1472 602 1687 643 exstaret

192 664 469 728 exemplum
497 663 718 718 Homeri,
749 663 807 709 ab
831 661 1199 723 insequentibus
1225 660 1417 708 Criticis
1436 677 1535 707 non
1553 660 1686 707 lima-

190 736 312 786 tum,
341 729 545 777 eandem
569 727 698 774 illius
722 726 899 774 faciem
921 726 1135 773 futuram
1161 742 1278 781 esse,
1306 742 1448 789 quam
1482 725 1685 788 majores

188 797 341 842 nostri
367 796 551 856 Hymni
573 794 946 840 Homeridarzcm
961 791 1159 838 habent.

257 860 511 907 Admonet
533 875 611 907 me
646 859 741 905 hoc
766 873 947 904 nomen
988 855 1316 920 Hymnorum,
1350 855 1408 902 ab
1437 854 1688 902 Hemster-

190 926 331 974 husio
356 935 406 974 et
430 924 533 972 aliis
559 924 759 972 eruditis
783 923 1060 978 inductum,
1090 930 1144 969 ut
1168 921 1394 985 adjiciam
1420 920 1602 983 aliquid
1627 921 1689 968 de

190 991 567 1055 interpolatione
603 987 970 1052 rhapsodorum,
1009 999 1071 1034 ex
1117 1003 1214 1050 quo
1255 986 1399 1050 plane
1441 994 1686 1049 appareat,

191 1074 335 1120 quam
376 1056 446 1103 illi
486 1072 586 1103 non
626 1054 770 1102 alieni
806 1053 992 1101 fuerint
1032 1069 1060 1099 a
1099 1052 1298 1116 poetica
1338 1051 1588 1108 facultate,
1639 1058 1690 1099 et

191 1138 336 1185 quam
379 1122 481 1169 sine
523 1120 695 1167 fraude
732 1119 840 1167 talis
881 1118 1195 1182 interpolatio
1231 1117 1364 1165 facta
1403 1117 1479 1164 sit.
1550 1117 1690 1164 Prius

191 1188 387 1252 quidem
414 1187 559 1234 etiam
584 1185 719 1232 nullo
744 1192 947 1232 auctore
976 1183 1378 1231 verisimillimum
1421 1190 1562 1238 esset,
1600 1182 1692 1229 nisi

190 1253 313 1300 adeo
341 1252 520 1315 frigida
541 1259 685 1315 putes
708 1250 900 1297 illorum
935 1250 1146 1313 ingenia,
1184 1256 1241 1295 ut
1267 1265 1360 1295 usu
1391 1263 1534 1311 paene
1575 1264 1692 1310 quo-

191 1318 377 1366 tidiano
403 1319 698 1381 optimorum
732 1320 990 1379 poetarum
1034 1331 1134 1362 non
1175 1313 1471 1362 incaluerint
1507 1312 1568 1360 ad
1610 1312 1692 1360 ali-

191 1384 311 1447 quid
336 1383 490 1431 simile
534 1382 839 1430 tentandum.
908 1381 1110 1437 Verum,
1149 1381 1240 1428 etsi
1272 1379 1417 1443 hujus
1457 1379 1548 1426 aevi
1588 1385 1690 1426 tam

190 1449 423 1498 lacunosa
446 1449 647 1496 historia
670 1455 761 1504 est,
801 1447 1038 1494 Pindarus
1070 1455 1234 1494 tamen
1273 1454 1323 1493 et
1361 1443 1690 1493 Plutarchusb

195 1517 308 1563 satis
345 1515 473 1563 clare
505 1515 720 1570 tradunt,
759 1513 1054 1576 compositos
1078 1529 1106 1559 a
1130 1511 1380 1575 rhapsodis
1405 1527 1508 1558 esse
1536 1510 1691 1574 Hym-

192 1597 296 1638 nos,
335 1582 509 1645 quibus
534 1580 741 1628 sollenni
764 1579 1041 1627 recitationi
1069 1577 1450 1625 Homericorum
1488 1583 1538 1624 et
1579 1575 1692 1622 alio-

193 1663 301 1694 rum
349 1647 631 1694 Carminum
676 1645 1022 1709 praeluderent.
1116 1644 1290 1706 Itaque
1332 1641 1601 1706 posteriore
1642 1641 1693 1687 in

193 1713 359 1776 primis
383 1721 584 1760 auctore
607 1710 761 1759 fretus
775 1710 878 1774 jam
898 1710 1014 1758 olim
1036 1708 1410 1757 Hemsterhusio
1429 1707 1556 1754 duce
1579 1722 1693 1754 con-

187 1778 302 1841 jeci,
342 1795 402 1826 ex
425 1778 603 1826 talibus
638 1777 885 1841 prooemiis
926 1785 977 1824 et
1014 1775 1300 1839 fragmentis
1345 1773 1694 1837 prooemiorum

192 1844 320 1892 hanc
344 1853 558 1892 nostram
582 1843 878 1907 farraginem
911 1842 1223 1906 Hymnorum
1265 1839 1527 1887 conflatam
1570 1853 1696 1893 esse,-

193 1910 361 1957 addita
399 1926 556 1965 causa,
594 1925 693 1956 non
732 1907 1038 1972 improbabili
1078 1906 1298 1962 fortasse,
1338 1921 1424 1953 cur
1463 1903 1546 1951 illa
1585 1919 1690 1951 sen-

195 1976 283 2022 sim
310 1991 423 2023 cum
464 1975 742 2022 Homericis
768 1973 1075 2022 Carminibus
1110 1971 1316 2020 confusa
1339 1971 1435 2018 sint
1453 1976 1486 2016 ⁶.
1556 1968 1694 2016 Nihil

195 2041 339 2097 enim,
378 2048 433 2088 ut
458 2041 646 2104 opinor,
683 2039 916 2087 interfuit
938 2038 1240 2087 theatrorum
1263 2038 1483 2091 istorum,
1527 2034 1692 2098 explo-

194 2115 354 2155 ratum
378 2107 570 2163 habere,
609 2106 690 2154 cui
715 2105 934 2169 quidque
952 2105 1202 2161 deberent,
1240 2102 1373 2167 quod
1396 2100 1570 2149 auditu
1589 2100 1692 2164 dig-

234 2256 254 2277 a
277 2245 380 2276 Schol.
399 2246 491 2277 Pind.
505 2246 526 2277 l.
541 2256 566 2277 c.
583 2251 614 2277 et
629 2256 667 2276 ex
683 2255 721 2276 eo
736 2245 884 2276 Eustath.
897 2245 937 2276 ad
954 2244 994 2276 ll.
1005 2255 1035 2284 p.
1052 2248 1080 2275 6.
1097 2243 1154 2274 inf.

234 2290 256 2318 b
278 2289 330 2319 De
346 2290 472 2320 Musica
486 2300 515 2329 p.
534 2293 625 2320 1135.
644 2290 679 2320 C.
695 2289 827 2330 loquens
839 2289 878 2320 de
892 2288 996 2319 modis
1010 2286 1216 2318 citharoedicis
1227 2291 1258 2317 et
1269 2284 1431 2325 rhapsodis
1445 2281 1688 2324 antiquioribus:

199 2332 243 2362 Τὰ
258 2333 325 2374 πρὸς
342 2332 405 2366 τοὺς
421 2333 514 2367 θεοὺς,
531 2333 565 2367 ὦς
582 2333 743 2369 βοόλονγοιι,
763 2331 993 2371 ἀφοσιωσάμενοι,
1012 2331 1144 2369 ἔξὲβοιινον
1159 2329 1244 2364 εὐθὺς
1262 2331 1310 2361 ἔτί
1324 2342 1355 2360 τε
1371 2328 1421 2361 τὴν
1434 2326 1558 2368 Ὁμήρου
1574 2326 1626 2356 καὶ
1637 2325 1693 2355 «νῦν

192 2375 294 2405 ἄλλων
310 2375 426 2408 aeoa‘nm·
442 2375 525 2409 δῆλον
542 2375 569 2407 δὲ
585 2376 664 2406 τοῦτ’
680 2376 740 2406 ἐστὶ
762 2374 807 2406 διὰ
823 2376 878 2406 «27-
894 2374 1066 2417 Τερπάνδρου
1082 2377 1239 2417 προοιμίων.
1286 2373 1338 2403 Ex
1352 2372 1414 2402 hoc
1427 2379 1493 2400 uno
1508 2369 1578 2399 loco
1599 2368 1692 2398 disci-

192 2427 275 2454 πως,
292 2428 356 2447 non
370 2418 403 2447 in
419 2419 438 2449 J
442 2429 530 2448 ovem
548 2418 650 2448 solum
669 2424 701 2448 et
717 2418 837 2455 Musas,
855 2418 910 2449 sed
927 2419 960 2447 in
976 2424 1103 2448 caeteros
1127 2426 1252 2457 quoque
1274 2415 1350 2446 deos
1364 2412 1541 2454 prooemiari
1564 2411 1693 2441 solitum

191 2459 296 2491 fuisse.
343 2461 455 2501 Neque
470 2467 576 2491 tamen
602 2471 640 2491 ex
657 2460 797 2492 Pindaro
823 2467 907 2492 recte
921 2460 1059 2502 colligas,
1076 2469 1199 2499 semper
1213 2471 1232 2489 α
1249 2461 1319 2490 Jove
1341 2457 1535 2498 principium
1563 2454 1693 2484 factum.

197 2503 398 2543 Comparatio
421 2504 516 2540 illius,
536 2505 582 2535 uti
609 2505 759 2544 Lyricum
774 2504 911 2540 decebat,
938 2504 1035 2535 ducta
1060 2510 1106 2534 est
1121 2513 1141 2533 a
1155 2512 1270 2544 genere
1291 2500 1429 2531 maxime
1443 2497 1568 2535 illustri,
1586 2498 1604 2527 i.
1625 2507 1652 2528 e.
1675 2507 1694 2527 a

191 2556 279 2576 more
294 2546 567 2577 celeberrimorum
594 2547 746 2578 festorum
761 2554 792 2577 et
809 2548 1000 2589 πανηγύρεων.
1047 2546 1207 2578 Caeterum
1223 2550 1260 2575 ut
1281 2543 1436 2575 Pindarus
1461 2541 1539 2572 dicit
1553 2543 1693 2584 προοίμιον

193 2590 268 2625 Διδς,
284 2589 327 2620 sic
342 2589 544 2629 Thucydides
563 2590 633 2620 ΙΙΙ.
653 2594 860 2631 1042partem
877 2590 1004 2631 majoris
1016 2589 1141 2630 Hymni
1157 2590 1191 2619 in
1211 2587 1315 2627 Apoll.
1331 2587 1389 2618 sub
1412 2584 1548 2615 Homeri
1563 2584 1694 2614 nomine

190 2632 330 2667 laudans,
346 2639 436 2663 vocat
450 2639 590 2675 προοίμιον
603 2634 805 2667 ‘Au-baama.-
833 2644 896 2675 quo
914 2633 1043 2664 nomine
1058 2639 1090 2662 et
1105 2632 1158 2663 alii
1181 2631 1322 2671 plerique
1336 2633 1472 2660 utuntur
1485 2627 1525 2658 de
1542 2626 1694 2667 Hymnis.

192 2675 317 2715 Quippe
333 2675 519 2706 vocabulum
535 2676 618 2714 ὕμνος
635 2676 728 2706 latius
746 2682 837 2716 patet,
854 2683 886 2707 et
901 2687 982 2716 saepe
997 2686 1093 2707 omne
1115 2685 1217 2716 genus
1233 2674 1305 2705 twa»
1328 2671 1552 2712 complectitur.
1598 2669 1694 2700 Unde

190 2717 269 2749 illud
284 2719 317 2749 in
334 2718 397 2749 fine
414 2719 511 2750 trium
528 2719 745 2759 Hymnorum,
767 2720 971 2750 manifestum
986 2719 1076 2750 istius
1093 2719 1189 2749 moris
1205 2715 1387 2758 vestigium:

319 2802 376 2833 Σεῧ
390 2800 411 2832 δ’
429 2801 486 2842 {yolo
501 2801 657 2844 ἀρξάμενος
674 2802 880 2843 μεταβήσομαι
897 2804 991 2834 ἄλλον
1006 2804 1033 2838 ἐς
1049 2802 1141 2843 ὕμνον.

203 2930 210 2933 „
229 2897 245 2917 c
272 2887 323 2917 Ad
341 2887 475 2918 Hesiodi
492 2887 613 2928 Theog.
632 2898 662 2927 p.
679 2892 730 2919 60.
748 2888 838 2919 Conf.
858 2888 1036 2919 Mitscherl.
1059 2888 1098 2920 ad
1114 2888 1161 2919 H.
1185 2887 1220 2918 in
1239 2887 1309 2919 Cer.
1335 2897 1367 2927 p.
1383 2889 1454 2919 101.
1471 2891 1503 2917 et
1527 2880 1695 2916 Gmddeck

191 2931 366 2961 Comment.
383 2931 421 2962 de
442 2931 648 2970 Hymnorum
667 2931 766 2962 Hom.
782 2931 919 2972 reliquiis
936 2942 963 2971 p.
986 2935 1034 2962 ⁴31.
