1856 3235
206 209 300 248 220
658 201 1212 251 PROLEGOMENA.

220 333 345 378 bene
371 331 722 391 continuatum,
758 334 879 381 nihil
908 341 1269 397 praeposterum,
1306 331 1425 378 nihil
1448 330 1694 394 perturba-

224 404 344 452 tum,
382 397 501 443 nihil
525 397 676 445 hians.
747 399 890 446 Plura
920 399 1092 455 horum
1128 415 1240 446 vere
1270 395 1555 451 dilaudari²‚
1592 396 1700 458 quis

224 467 405 525 neget?
436 463 494 509 de
520 462 738 526 Odyssea
761 465 982 518 maxime,
1021 463 1157 525 cujus
1194 461 1484 509 admirabilis
1513 476 1698 508 summa

230 536 282 574 et
304 543 560 591 compages
583 545 670 591 pro
693 529 1060 592 praeclarissimo
1076 535 1397 574 monumento
1429 526 1591 573 Graeci
1627 526 1697 571 in-

226 592 360 655 genii
383 592 606 640 habenda
627 602 712 640 est.
783 594 908 640 Nam
944 593 994 638 in
1037 592 1188 639 Iliade
1227 592 1443 639 nondum
1481 590 1699 654 deposita

228 665 341 704 sunt
364 659 624 705 certamina
646 659 856 704 virorum
881 658 1135 704 doctorum
1161 657 1221 704 de
1258 673 1416 704 rerum
1459 657 1616 720 capite
1651 662 1701 702 et

229 731 514 785 argumento
537 723 775 786 primario.
845 723 925 769 De
949 739 1044 785 quo
1062 730 1312 784 utcunque
1332 721 1698 776 existimabitur,

230 795 280 835 et
304 797 360 835 ut
382 804 546 835 sensus
569 788 836 851 πςοεκῧέπως
863 787 1140 850 longissime
1164 795 1341 850 pateat,
1379 787 1580 849 (quippe
1605 785 1701 832 suf-

231 851 460 900 fecissent
483 853 551 899 illi
576 853 758 915 aliquot
781 853 1053 915 praeliorum
1095 853 1292 899 absente
1318 850 1515 898 Achille
1550 849 1701 898 facto-

227 934 335 965 rum
361 918 704 980 descriptiones
717 917 755 978 ι)
791 934 1037 980 nunquam
1061 925 1223 963 tamen
1241 917 1384 964 certis
1408 915 1703 979 argumentis

230 983 498 1038 docebitur,
537 991 722 1046 septem
760 982 866 1030 illos
890 998 1054 1030 versus
1078 981 1335 1044 quidquam
1360 981 1487 1028 ultra
1509 981 1704 1044 promit-

227 1056 330 1095 tere
347 1065 487 1110 quam
505 1047 686 1094 XVIII
710 1047 997 1110 rhapsodias.
1035 1046 1255 1109 Reliquae
1274 1063 1372 1093 non
1394 1046 1513 1092 iram
1539 1045 1705 1092 Achil-

228 1112 286 1159 lis
310 1114 359 1159 in
377 1114 797 1175 Agamemnonem
822 1121 871 1159 et
894 1111 1094 1159 Graecos
1120 1111 1388 1167 continent,
1406 1111 1490 1158 sed
1513 1127 1702 1165 novam,

229 1195 256 1225 a
278 1178 436 1240 priore
459 1177 604 1240 longe
629 1177 861 1224 diversam
885 1177 1178 1239 minimeque
1201 1176 1294 1222 illis
1317 1192 1528 1239 gravem,
1557 1176 1608 1222 id
1632 1184 1705 1222 est

231 1242 333 1305 ejus
356 1243 453 1298 irae,
492 1259 634 1305 quam
672 1242 819 1289 solam
855 1242 934 1288 isti
969 1258 1133 1289 versus
1171 1241 1441 1304 designant,
1477 1240 1706 1304 appendi-

231 1324 352 1355 cem.
424 1307 611 1362 Quodsi
635 1308 795 1354 omnia
818 1307 1106 1354 Graecorum
1131 1306 1190 1353 ad
1229 1305 1424 1370 Trojam
1447 1313 1585 1369 gesta
1608 1322 1707 1352 om-

230 1389 410 1436 nesque
426 1372 700 1435 rhapsodias
716 1373 800 1419 uni
814 1371 1381 1436 proposito-subjicias‚ad
1389 1371 1590 1430 gloriam
1605 1370 1707 1433 qui-

232 1438 343 1485 dem
369 1438 573 1485 Achillis
597 1438 747 1501 magis
771 1455 913 1501 quam
945 1437 1063 1485 alius
1102 1436 1382 1500 cujusquam
1422 1435 1584 1483 Graeci
1623 1443 1710 1483 aut

231 1503 429 1566 Trojani
453 1503 610 1551 herois
634 1512 737 1551 tota
762 1503 888 1559 Ilias,
926 1503 987 1550 ad
1009 1519 1248 1550 memorem
1283 1503 1400 1549 iram
1433 1500 1533 1565 ejus
1555 1500 1707 1564 major

230 1576 420 1616 tantum
456 1586 564 1632 pars
605 1576 815 1632 spectat3
861 1576 916 1615 ut
952 1568 1211 1615 admodum
1252 1567 1449 1622 mireris,
1487 1566 1617 1629 quod
1655 1565 1707 1612 in

231 1633 366 1681 nullo
391 1634 560 1681 codice
585 1635 743 1682 adhuc
766 1651 853 1698 pro
877 1634 968 1682 isto
993 1633 1192 1682 exordio
1226 1633 1320 1682 hoc
1355 1632 1434 1682 vel
1457 1631 1590 1680 aliud
1611 1646 1709 1679 me-

229 1698 320 1746 lius
344 1700 596 1747 inventum
632 1700 714 1747 sit:

367 1831 596 1879 ΚΥΔΟΣ
633 1832 749 1888 ἄειδε,
785 1830 880 1888 θεοὶ,
917 1832 1152 1887 Πηληϊάδεω
1179 1832 1400 1892 Ἀχιλῆος,

362 1895 447 1948 ὅςὲῗ
476 1898 557 1949 εἵως
579 1900 760 1960 βασιλῆϊ
775 1900 1064 1961 κοτεσσάμενος
1087 1897 1136 1945 ἐνὶ
1159 1898 1266 1951 νηυσὶ

362 1967 482 2016 κεῖτο,
517 1963 754 2022 Ἀχαιοῖσιν
776 1982 819 2010 τε
842 1963 916 2009 καὶ
939 1965 1052 2025 αὐτῷ
1075 1964 1191 2023 ἄλγε’
1222 1963 1368 2017 ἔδωκεν,

364 2025 496 2091 αὐτὰρ
519 2028 777 2090 ἀνιστάμενος
801 2028 951 2092 Τξωσῖν
973 2029 1048 2075 καὶ
1063 2030 1232 2091 ’Έκτοξι
1257 2029 1336 2090 δίῳ.

234 2156 591 2205 Subabsurdum
616 2158 761 2214 foret,
795 2158 939 2206 talem
962 2158 1264 2223 diligentiam
1286 2157 1582 2206 subtiliorem
1608 2172 1713 2204 esse

234 2222 395 2270 dicere
421 2240 562 2286 quam
585 2241 674 2287 pro
701 2224 967 2272 Homerico
991 2224 1190 2271 saeculo:
1228 2240 1320 2270 nec
1344 2224 1394 2270 id
1430 2223 1590 2270 dicere
1631 2239 1712 2268 au-

233 2287 329 2334 sint
352 2288 400 2343 ii,
439 2289 609 2352 quibus
633 2290 868 2352 στξοέκῧεσις
891 2288 1125 2353 Odysseae
1149 2290 1206 2336 ab
1226 2289 1332 2352 ipso
1355 2288 1571 2335 Homero
1593 2303 1712 2350 prae-

275 2436 294 2456 a
320 2426 479 2457 Continuo
497 2427 610 2458 falsum
627 2434 680 2463 est,
696 2428 777 2467 quod
794 2428 915 2467 po'e'tam
928 2429 959 2458 in
978 2428 1078 2459 Iliade
1093 2428 1237 2459 universo
1252 2428 1334 2459 bello
1355 2427 1518 2458 artificiose
1538 2435 1631 2456 usum
1653 2435 1712 2464 pu-

233 2471 300 2499 tant
315 2469 354 2499 ad
377 2470 551 2500 ornandum
572 2477 605 2500 et
629 2470 882 2509 amplificandum
907 2477 1130 2512 argumentum
1156 2482 1260 2502 suum.
1307 2472 1467 2510 Repetunt
1493 2467 1550 2499 hoc
1579 2478 1617 2498 ex
1642 2474 1713 2498 vett.

235 2511 463 2547 Grammaticis,
488 2513 520 2542 in
544 2523 585 2551 pr.
610 2514 752 2544 Eustath.
774 2524 803 2552 p.
828 2517 863 2549 7.,
887 2514 940 2554 qui
958 2513 1150 2553 ineptissima
1172 2515 1203 2543 in
1223 2516 1303 2544 hanc
1318 2513 1502 2543 sententiam
1523 2510 1623 2547 affert,
1640 2520 1715 2541 con·

232 2555 325 2584 traria
339 2555 440 2589 etiam,
458 2555 513 2585 etsi
529 2556 587 2585 hoc
602 2566 664 2586 non
677 2557 806 2595 capitale
821 2557 913 2594 duco,
932 2557 1124 2587 Aristoteleis
1138 2557 1171 2586 in
1189 2557 1275 2587 Po'e't.
1290 2567 1316 2586 c.
1333 2559 1382 2586 23.
1420 2555 1525 2585 Immo
1537 2553 1582 2584 illi
1598 2553 1713 2593 partim

232 2607 297 2627 non
321 2599 448 2627 obscure
471 2598 654 2638 significant,
679 2606 780 2629 totum
803 2600 920 2630 bellum
943 2600 975 2629 in
1002 2599 1103 2630 Iliade
1124 2599 1262 2630 describi.
1303 2601 1333 2629 A
1350 2598 1463 2628 talibus
1477 2597 1636 2637 magistris
1651 2605 1717 2626 non

231 2639 388 2679 profectus
398 2647 544 2670 neutrum
558 2641 590 2670 in
607 2652 643 2671 ea
658 2641 723 2672 fieri
735 2642 807 2672 data
826 2652 918 2682 opera
932 2642 1086 2677 fatebitur,
1103 2652 1160 2672 nec
1175 2642 1268 2672 aliam
1280 2648 1377 2672 artem
1391 2650 1544 2679 apparere,
1562 2639 1621 2669 nisi
1634 2648 1716 2673 eam,

233 2692 328 2723 quam
352 2682 453 2721 plures
475 2684 610 2713 historici
633 2686 848 2724 quaesiverunt,
874 2686 927 2726 qui
950 2686 1057 2715 breves
1078 2691 1178 2723 partes
1193 2684 1327 2714 historiae
1341 2683 1552 2724 singularibus
1569 2682 1721 2722 operibus

232 2725 386 2764 complexi
398 2731 476 2761 sunt,
494 2726 541 2756 vel
554 2736 647 2766 quam
665 2727 773 2757 Cicero
790 2728 931 2763 Lucceio,
951 2734 1072 2766 sperato
1087 2738 1189 2758 rerum
1207 2737 1332 2757 suarum
1348 2724 1497 2766 scripiori,
1514 2723 1721 2756 commendat

223 2768 437 2808 fistinationis
451 2779 553 2803 causa,
570 2779 689 2808 rogans,
707 2777 738 2799 ue
755 2782 772 2800 a
790 2772 1010 2801 continentibus
1026 2773 1086 2801 tuis
1101 2772 1230 2810 scriptis,
1247 2772 1279 2800 in
1295 2771 1403 2810 quibus
1414 2774 1595 2808 perpetuam
1612 2777 1716 2798 rerum.

232 2818 384 2849 gestarum
400 2813 555 2842 historiam
573 2814 782 2852 complecteris,
795 2824 930 2844 secernas
947 2816 1025 2844 lzcmc
1040 2814 1279 2853 quasifhbulam
1292 2823 1394 2842 rerum
1406 2818 1638 2852 eventorumque
1646 2819 1715 2840 nos—

234 2860 358 2902 trorum.
404 2853 551 2895 scriptori
568 2855 662 2901 hujus
677 2855 799 2896 generis
813 2855 890 2886 adeo
905 2866 985 2895 saepe
997 2866 1120 2887 necesse
1135 2862 1188 2893 est,
1205 2855 1329 2887 finitum
1347 2856 1454 2887 orbem
1469 2853 1576 2897 egredi
1590 2859 1622 2885 et
1632 2851 1715 2894 prio-

241 2906 274 2925 ra
289 2902 432 2927 intexere.
