1856 3235
206 225 226 263 1
237 223 296 263 88
665 211 1058 262 PROLEGOM
1066 214 1223 262 ENA.

204 344 301 393 Sed
339 342 455 391 folia
497 350 546 391 et
581 342 759 391 librum
800 346 1024 393 arborum
1067 344 1272 409 Sibyllis,
1309 344 1426 392 item
1466 342 1687 391 fabuloso

204 408 378 458 Dareti
402 416 452 457 et
477 410 747 457 amantibus
771 410 1100 473 relinquimus,
1141 411 1230 457 etsi
1264 410 1391 457 illius
1416 409 1559 456 moris
1583 425 1687 456 ves-

202 475 380 539 tigium
405 475 650 539 quoddam
672 475 827 522 videri
849 476 1001 539 possit
1025 492 1127 523 esse
1152 477 1203 521 in
1227 476 1526 539 ἐκφυλλοφοξίᾳ
1564 480 1614 521 et
1634 474 1689 520 in

203 540 458 605 petalismo
500 541 817 604 Syracusano.
909 541 1085 603 Neque
1127 540 1248 587 adeo
1288 541 1337 586 in
1378 540 1568 588 testulis
1609 539 1690 585 ali-

207 606 404 670 quando
439 606 584 654 scribi
617 605 812 652 solitum
849 605 1101 668 quisquam
1137 605 1306 652 docuit
1341 622 1402 653 ex
1444 623 1516 662 eo,
1561 605 1693 668 quod

202 688 290 736 per
311 671 415 719 illas
441 671 661 735 quaedam
686 669 911 734 suffragia
933 670 1107 718 fierent
1132 670 1356 717 Athenis.
1430 671 1486 717 In
1524 670 1692 734 lapidi-

203 739 295 786 bus
337 745 516 793 autem,
552 737 603 783 in
625 735 770 799 lignis
796 745 845 783 et
867 736 1056 783 laminis
1080 735 1388 782 metallorum
1410 737 1564 799 prima
1588 745 1693 784 ten-

204 803 387 850 tamina
409 801 540 849 facta
563 818 681 857 esse,
719 801 917 849 minime
943 801 1145 849 dubium
1191 810 1286 848 est:
1326 809 1459 848 certe
1499 802 1692 864 optimis

204 867 486 916 auctoribus
511 866 829 923 accredjmus,
865 867 1000 931 leges
1023 866 1198 930 ligneis
1226 866 1402 914 tabulis
1438 874 1488 913 et
1522 867 1692 914 axibus

205 951 234 981 a
258 933 434 980 Solone
459 932 659 995 aliisque
683 932 874 979 incisas.
945 932 1017 979 At
1040 932 1155 979 huic
1181 932 1395 979 materiae
1414 932 1528 979 alias
1548 949 1692 996 quam

203 997 424 1063 publicas
446 997 610 1045 literas
633 997 935 1044 mandavisse
961 997 1177 1052 Graecos,
1215 1013 1359 1043 nemo
1383 1005 1568 1045 temere
1594 1015 1695 1046 cre-

208 1065 307 1121 dat,
345 1063 436 1110 nisi
479 1064 558 1110 cui
584 1062 746 1110 Boeoti
769 1062 1094 1125 persuaserint
1118 1062 1179 1108 de
1220 1062 1449 1124 plumbeo
1486 1080 1573 1110 suo
1615 1080 1696 1111 ex-

206 1128 584 1192 emplari’Egycov
611 1127 833 1183 Hesiodi,
872 1127 1003 1190 quod
1031 1126 1177 1190 juxta
1210 1128 1397 1174 fontem
1441 1128 1697 1177 Heliconis

205 1194 330 1242 vidit
359 1194 618 1240 Pausanias
634 1197 667 1249 ²,
705 1192 789 1240 sed
814 1199 1056 1240 vetustate
1080 1192 1297 1256 plurimis
1338 1194 1552 1255 partibus
1596 1211 1699 1242 cor-

206 1266 406 1323 ruptum
440 1258 635 1306 videtur
658 1257 823 1322 legere
848 1274 946 1305 non
965 1258 1197 1321 potuisse.
1267 1257 1338 1305 Ut
1361 1275 1477 1305 vero
1501 1259 1698 1322 publica

206 1332 528 1372 monumenta
549 1323 685 1388 ligno
709 1331 855 1386 atque
894 1322 1116 1379 metallis,
1153 1324 1222 1371 ita
1260 1331 1481 1387 utraque,
1518 1324 1568 1371 in
1606 1326 1700 1388 pri-

208 1391 297 1437 mis
321 1390 523 1453 privata,
559 1389 723 1437 linteis
765 1389 998 1453 inscripta
1036 1406 1152 1445 esse,
1189 1405 1423 1453 perquam
1465 1390 1697 1438 credibile

209 1456 352 1512 foret,
390 1455 429 1502 si
464 1455 611 1503 modo
657 1455 855 1502 omnino
895 1455 990 1502 hoc
1027 1472 1184 1518 genus
1222 1455 1526 1503 voluminum
1567 1457 1699 1521 apud

211 1520 414 1569 Graecos
438 1521 539 1568 ullo
578 1528 798 1584 tempore
833 1521 1065 1568 usitatum
1100 1520 1285 1568 fuisset.
1358 1521 1507 1577 Quod
1546 1539 1698 1585 quum

210 1603 350 1634 secus
376 1586 451 1642 sit,
488 1586 636 1650 idque
660 1603 816 1650 genus
842 1585 953 1633 solis
979 1586 1214 1633 Romanis
1248 1588 1489 1635 tribuatur
1503 1597 1538 1644 b,
1575 1604 1632 1636 ac
1661 1587 1701 1634 si

213 1653 292 1700 cui
316 1651 443 1699 forte
466 1651 680 1716 placebit
705 1651 806 1715 ejus
840 1652 1028 1716 copiam
1067 1653 1282 1715 praebere
1326 1652 1471 1708 Mosi,
1509 1661 1564 1700 ut
1598 1654 1702 1716 ipse

213 1717 607 1765 Pentateuchum
644 1725 876 1765 contexat
897 1722 930 1774 ⁰,
966 1733 1028 1765 ne
1064 1718 1264 1765 linteam
1307 1718 1504 1781 quidem
1548 1718 1702 1766 Iliada

210 1783 352 1830 nobis
377 1782 658 1847 confingere
689 1783 821 1830 licet.
892 1783 1065 1846 Itaque
1102 1783 1363 1831 admodum
1401 1784 1702 1832 inconditam

212 1857 366 1896 artem
390 1849 618 1896 mansisse
643 1856 842 1912 apparet
866 1857 916 1896 et
938 1849 1229 1896 rarissimum
1252 1867 1392 1896 usum
1418 1850 1534 1913 ejus,
1572 1858 1705 1898 ante-

211 1931 356 1978 quam
382 1931 487 1961 eam
511 1914 562 1960 in
587 1914 742 1962 ovillis
772 1913 853 1961 Vel
878 1915 1084 1978 caprinis
1108 1915 1314 1978 pellibus
1353 1916 1619 1979 procedere
1657 1932 1703 1962 a-

212 1980 571 2027 nimadversum
604 1987 720 2028 erat.
791 1980 850 2026 Id
889 1988 1051 2028 autem
1089 1982 1147 2028 ab
1186 1981 1384 2028 Ionibus
1425 1981 1704 2028 institutum

213 2044 467 2093 luculento
490 2045 615 2102 loco,
653 2061 798 2109 quem
822 2045 1074 2109 aliquoties
1103 2048 1380 2103 memoravi,
1417 2046 1566 2094 refert
1603 2046 1705 2094 He-

216 2111 440 2170 rodotus3
479 2128 631 2175 eaque
655 2111 749 2158 fuit
784 2127 882 2158 una
905 2128 994 2168 res,
1033 2128 1140 2175 quae
1165 2112 1429 2160 scribendis
1465 2112 1599 2160 libris
1624 2129 1706 2176 op-

216 2177 566 2240 portunitatem
612 2177 814 2225 haberet
867 2177 1188 2242 antiquiorem
1247 2177 1448 2226 fortasse
1504 2194 1704 2243 papyro.

215 2318 338 2349 videtur
364 2320 466 2350 Varro
491 2319 530 2350 de
556 2320 768 2351 commodiore
792 2320 927 2362 quadam
954 2320 1074 2352 ratione
1097 2321 1248 2352 faciendae
1274 2322 1389 2352 chartae
1412 2331 1597 2362 papyraceae,
1621 2320 1706 2360 quali

215 2369 290 2392 aetas
307 2373 363 2392 sua
379 2364 530 2393 utebatur.
578 2364 678 2404 Cujus
692 2365 738 2394 rei
753 2364 855 2394 simile
870 2364 1018 2405 quiddam
1040 2365 1197 2396 notabitur
1224 2365 1330 2404 paullo
1355 2372 1424 2404 post
1448 2367 1481 2395 in
1507 2365 1612 2395 charta
1629 2364 1706 2394 Per-

213 2414 356 2445 gamena.
404 2407 521 2436 Contra
537 2406 628 2436 nihili
643 2413 716 2437 sunt
743 2407 886 2442 rationes,
911 2414 1034 2446 propter
1058 2418 1136 2448 quas
1160 2408 1357 2447 scriptorium
1382 2418 1475 2438 usum
1499 2407 1606 2447 papyri
1634 2406 1708 2446 ipsis

218 2447 342 2478 saeculis
357 2455 463 2478 vatum
479 2449 617 2490 assignat
635 2449 846 2480 Guilandinus
875 2451 1051 2481 Comment.
1076 2451 1111 2480 in
1126 2454 1146 2481 5
1163 2450 1246 2481 Plin.
1272 2461 1359 2490 capp.
1385 2450 1425 2481 de
1449 2460 1565 2490 papyro
1593 2450 1641 2479 M.
1658 2449 1708 2480 II.

216 2500 245 2529 p.
266 2494 312 2521 17.
338 2501 401 2531 sqq.
450 2492 494 2521 At
519 2492 620 2532 quinti
646 2503 672 2523 a.
701 2493 775 2523 Chr.
800 2493 905 2523 saeculi
931 2493 1108 2524 testimonia
1131 2493 1283 2529 videmus,
1309 2493 1510 2524 Comicorum
1536 2493 1708 2532 poetarum,

217 2532 338 2563 Cratini
355 2540 385 2563 et
402 2533 545 2564 Platonis
560 2545 608 2573 ap.
625 2535 791 2566 Pollucem
816 2536 899 2566 VII.
917 2543 989 2567 extr.
1019 2543 1110 2577 atque
1136 2537 1295 2568 Herodoti
1317 2536 1336 2566 l.
1359 2536 1382 2566 l.
1428 2536 1557 2567 Primus
1582 2535 1710 2566 illorum

214 2578 431 2617 βιβλιογράφαν,
454 2577 532 2607 alter
543 2580 663 2620 χόρτοις
682 2579 810 2615 habuit3
831 2579 948 2614 tertius,
964 2588 995 2609 et
1011 2580 1036 2610 is
1054 2580 1160 2610 minus
1173 2579 1301 2619 quidem
1317 2579 1472 2619 ambigue,
1489 2580 1610 2616 βίβλους
1625 2577 1710 2609 aliis-

216 2628 283 2667 que.
293 2618 369 2649 locis
383 2620 497 2655 βιβλία,
521 2627 615 2661 atque
630 2622 663 2650 in
678 2621 733 2653 illo
747 2623 821 2652 satis
837 2622 999 2663 significat,
1025 2633 1081 2653 sua
1109 2628 1199 2652 aetate
1223 2633 1288 2653 non
1303 2632 1422 2653 novum
1437 2621 1533 2653 fuisse
1548 2631 1642 2652 usum
1657 2631 1712 2660 pa-

216 2671 296 2701 {²5¹¹-

259 2714 278 2734 a
303 2704 361 2734 lx.
377 2708 429 2735 31.
448 2715 476 2743 p.
494 2708 564 2736 771.

257 2741 278 2777 B
303 2746 353 2777 Sic
370 2747 510 2788 intellige
528 2748 624 2778 Plinii
642 2749 662 2779 l.
680 2749 709 2784 l.,
734 2759 797 2790 quo
823 2750 871 2780 usi
898 2761 1007 2781 sumus
1034 2751 1067 2781 in
1091 2751 1139 2781 his
1162 2750 1316 2787 omnibus,
1340 2761 1410 2792 quae
1435 2750 1474 2782 de
1496 2750 1714 2781 instrumentis

216 2789 325 2828 priscae
340 2790 500 2831 scripturae
514 2789 719 2830 disputamus.
766 2793 917 2833 Reliquos
933 2794 1016 2824 locos
1031 2795 1088 2824 hac
1103 2794 1142 2824 de
1158 2804 1199 2828 re,
1223 2800 1254 2824 et
1275 2794 1451 2835 singulares
1465 2793 1560 2825 libros
1574 2793 1713 2825 virorum

216 2831 391 2870 doctorum,
414 2838 507 2865 testes
521 2834 655 2865 excitare
668 2835 745 2864 nihil
762 2835 881 2866 attinet.

256 2885 274 2905 c
299 2875 381 2907 Vide
396 2886 460 2917 prae
475 2877 597 2908 caeteris
614 2878 798 2909 Eichhornii
816 2878 938 2910 Introd.
955 2879 986 2909 in
1004 2879 1047 2910 V.
1067 2880 1152 2911 Test.
1171 2879 1210 2911 T.
1229 2880 1255 2910 Ι.
1273 2890 1304 2920 p.
1323 2883 1391 2912 136.
1422 2880 1472 2911 ΙΙ.
1489 2890 1519 2920 p.
1534 2881 1607 2911 213.
