1856 3235
560 234 1115 285 PROLEGOMENA.
1507 239 1596 279 241

115 384 178 432 pe
201 369 417 425 faciunt,
440 366 503 414 ad
538 382 649 413 eum
684 374 932 414 auctorem
969 364 1238 420 retulerint,
1277 364 1408 427 quod
1442 363 1602 411 hor-ta-

117 443 172 482 tu
210 435 312 498 ejus
335 442 385 481 et
408 432 697 480 auctoritate
723 431 907 479 factum
931 432 1007 479 sit.
1080 430 1364 494 Hipparcho
1389 429 1600 492 quidem,

117 499 348 548 Pisistrati
371 498 469 546 filio
492 506 610 545 natu
633 498 808 546 minori
832 505 882 545 et
904 498 955 544 in
989 497 1073 544 illa
1109 495 1317 543 Athenis
1353 495 1605 542 saluberri-

115 582 194 613 ma
215 564 469 630 tyrannide
494 579 605 614 cum
629 563 777 611 fratre
801 562 1082 619 successori,
1113 579 1141 609 a
1163 561 1398 624 scriptore
1422 559 1603 623 dialogi

117 630 367 686 Platonici,
405 629 487 693 qui
511 646 691 678 nomen
713 629 841 677 illius
863 647 952 694 pro
975 629 1119 677 titulo
1145 628 1306 683 habet,
1343 634 1442 673 tam
1474 643 1605 688 mag·-

115 696 269 743 nificae
307 703 468 758 partes
505 697 810 759 assignantur
844 696 896 743 in
937 694 1229 744 celebrando
1272 692 1506 747 Homero,
1550 698 1606 738 ut

114 769 300 825 patrem
339 761 392 811 in
416 761 590 809 labore
615 761 877 824 colligendi
901 769 951 809 et
983 759 1273 825 disponendi
1307 757 1385 806 vel
1421 757 1485 804 in,
1511 756 1605 820 pri-

115 826 205 874 mis
229 825 482 890 adjuvisse,
518 827 874 875 velconsilium
897 836 1156 890 paternum
1194 832 1453 873 exsecutus
1484 838 1604 878 esse,

115 900 263 955 atque
296 892 348 940 id
380 909 493 940 cum
533 893 805 940 amantibus
844 892 1094 940 literarum
1121 890 1502 939 communicasse
1524 887 1610 935 -vi-

116 957 222 1006 deri
245 959 398 1021 possit
416 961 449 1005 ³.
518 958 647 1006 Nam
672 958 804 1021 quod
827 958 866 1005 is
896 958 1200 1021 potissimum
1227 956 1500 1004 Homerum
1525 970 1609 1001 no-

115 1039 178 1071 vo
219 1023 388 1078 ordine
427 1041 455 1071 a
493 1024 742 1087 rhapsodis
790 1023 1037 1071 decantari
1084 1022 1418 1070 Panathenaeis
1471 1020 1609 1083 quin-

116 1089 437 1152 quennalibus
453 1089 665 1154 jusserat
683 1089 718 1146 b,
756 1090 807 1137 id
843 1106 943 1137 non
982 1089 1145 1152 potuit
1184 1087 1230 1136 ei
1264 1088 1392 1135 hanc
1431 1085 1610 1133 famam

118 1155 374 1212 conficere,
410 1164 467 1203 ut
489 1156 672 1220 primus
696 1155 942 1203 diceretur
964 1154 1100 1202 illum
1128 1153 1347 1202 intulisse
1383 1152 1435 1199 in
1477 1150 1609 1199 Atti-

118 1237 237 1268 cam.
304 1221 414 1270 Jam
438 1221 489 1267 in
527 1222 777 1284 utriusque
818 1228 1013 1268 aetatem
1048 1220 1222 1267 incidit
1257 1217 1611 1282 pulcherrimus

114 1286 202 1334 flos
225 1287 381 1349 poesis
403 1286 569 1351 lyricae
594 1294 644 1334 et
668 1287 842 1334 ethieae
881 1303 990 1336 cum
1017 1286 1154 1333 novis
1176 1283 1492 1332 incrementis
1516 1290 1609 1329 tra-

116 1351 295 1416 goediae
320 1360 370 1400 et
393 1352 670 1400 comoediae:
708 1352 758 1398 in
782 1359 858 1399 tot
880 1353 1038 1415 poetis
1075 1350 1276 1399 forsitan
1300 1349 1484 1397 fuerint
1505 1347 1610 1411 plu-

119 1433 210 1473 res,
248 1418 330 1480 qui
357 1417 605 1466 Pisistrato
636 1425 691 1465 et
717 1417 1002 1481 Hipparcho
1025 1418 1075 1464 in
1113 1416 1242 1463 illam
1283 1432 1385 1463 rem
1423 1414 1611 1477 adjuto-

118 1483 242 1530 rium
278 1482 511 1540 facerent,
548 1483 815 1547 praesertim
856 1500 1004 1546 quum
1045 1490 1266 1546 uterque,
1302 1481 1376 1528 uti
1417 1479 1608 1536 artium,

117 1548 186 1596 ita
209 1548 467 1596 doctorum
491 1549 742 1596 hominum
774 1549 1126 1596 amantissimus
1168 1554 1308 1596 esset.
1377 1545 1613 1594 Nomina-

117 1614 207 1661 tim
231 1614 360 1661 enim
383 1613 609 1662 feruntur
634 1631 747 1662 cum
772 1614 829 1661 iis
870 1613 1266 1679 conjunctissime
1302 1611 1478 1660 vixisse
1519 1610 1609 1658 Or-

115 1679 271 1744 pheus
297 1679 620 1736 Crotoniates,
659 1681 868 1744 scriptor
893 1680 1358 1745 Argonauticorum‚
1397 1676 1611 1726 Onoma-

116 1745 266 1793 critus
304 1744 637 1803 Atheniensis,
673 1747 732 1794 ab
760 1746 1047 1810 Hipparcho
1072 1745 1272 1793 civitate
1296 1744 1486 1808 ejectus
1504 1759 1612 1807 pos-

119 1818 214 1867 tea,-
253 1810 524 1860 Simonides
572 1812 701 1861 Ceus
738 1821 789 1860 et
834 1812 986 1860 Te‘1'us
1033 1812 1297 1860 Anacreon
1312 1816 1346 1858 ⁹.
1420 1809 1612 1857 Horum

120 1876 270 1940 igitur
294 1879 571 1942 quempiam
597 1878 917 1942 conjiciebam
958 1878 1050 1926 illis
1086 1877 1149 1925 ad
1188 1875 1459 1925 ordinanda
1500 1875 1612 1924 Car-

119 1943 251 1990 mina
281 1960 478 2007 operam
500 1945 763 2008 praebuisse
796 1961 945 1992 suam.
1017 1944 1128 2008 Ipse
1163 1952 1297 1992 certe
1336 1943 1613 1990 Pisistratus

123 2024 316 2056 suarum
340 2026 501 2058 rerum
525 2012 790 2075 satagebat,
825 2010 900 2058 his
928 2026 1044 2059 vero
1081 2010 1235 2057 otium
1276 2016 1380 2058 erat
1413 2015 1464 2056 et
1499 2006 1615 2071 pris-

165 2158 186 2178 a
206 2148 312 2179 Notus
326 2148 412 2181 locus
426 2156 474 2181 est
488 2161 517 2191 p.
536 2154 609 2182 228.
628 2152 668 2182 Β.
685 2151 724 2182 de
740 2151 940 2191 Hipparcho:
966 2151 993 2185 ἒς
1009 2151 1098 2182 ἄλλοι
1112 2164 1144 2182 τε
1161 2151 1265 2182 πολλοὶ
1280 2151 1333 2182 καὶ
1357 2150 1443 2181 καλὰ
1467 2149 1543 2190 ’ἔργα
1569 2160 1616 2178 σο-

124 2190 190 2231 φίας
205 2190 383 2230 ἀπεδείξατο,
406 2195 457 2225 καὶ
473 2196 514 2226 τὰ
533 2195 656 2238 Ὀμήρου
671 2195 780 2238 πρῶτος
797 2195 922 2235 ἒκόμισεν
937 2195 974 2228 εἰς
991 2195 1041 2227 τὴν
1063 2195 1118 2234 ’γῆν
1144 2195 1272 2229 ταυτηνὶ,
1296 2195 1347 2224 καὶ
1372 2195 1524 2233 ἠνάγκασε
1550 2191 1615 2224 τοὺς

126 2231 275 2274 ῥαψῳδοὺς
290 2236 501 2271 Πανκθπναῖοις
518 2238 545 2276 ἒξ
561 2237 736 2276 ὖπολῆψεως
753 2238 847 2277 ἐφεξῆς
863 2238 943 2268 αὖτὲ
957 2236 1061 2272 Barim,
1084 2238 1176 2281 ὥςπερ
1191 2238 1232 2268 νῦν
1252 2237 1298 2268 fra
1319 2235 1374 2268 οἵδε
1401 2237 1528 2267 ποιῶσιν.
1575 2233 1618 2263 In

124 2287 188 2317 quo
205 2278 376 2315 permirum
391 2285 446 2316 ost,
467 2290 505 2311 ea
519 2280 585 2320 ipsa
610 2281 792 2320 simpliciter
806 2280 901 2311 tribui
924 2280 996 2316 filio,
1019 2291 1089 2322 quae
1116 2282 1155 2311 ab
1180 2280 1249 2311 aliis
1274 2280 1356 2321 patri
1380 2279 1562 2310 tribuuntur
1585 2282 1616 2306 et

128 2319 245 2368 S.oloni.
291 2321 480 2363 Quanquam
496 2323 562 2354 haec
577 2322 782 2363 discrepantia
797 2324 896 2364 major
911 2330 956 2355 est
971 2323 1071 2363 specie
1094 2334 1188 2365 quam
1209 2334 1254 2360 re,
1275 2323 1301 2353 si
1327 2328 1466 2354 nostram
1491 2326 1616 2351 senten·

124 2369 353 2412 tiam—sequare,
377 2365 433 2400 vel,
449 2375 520 2406 quae
535 2376 632 2405 prope
647 2367 758 2398 eadem
773 2373 827 2403 est,
851 2367 1075 2398 Kusterianam
1090 2378 1120 2407 p.
1140 2371 1218 2403 101„
1234 2373 1266 2397 et
1279 2366 1375 2397 simul
1389 2365 1515 2406 cogiteS,
1537 2362 1618 2394 illud

126 2405 188 2437 dici
204 2416 241 2436 m
252 2407 375 2446 scripto,
398 2409 482 2449 quod
496 2408 537 2439 ad
552 2409 678 2440 laudem
695 2410 873 2450 Hipparchi
886 2411 1098 2450 compositum
1122 2417 1176 2442 est.
1221 2411 1382 2441 Caeterum
1405 2410 1491 2439 hunc
1516 2406 1617 2439 dialo-

126 2458 203 2489 gum
230 2459 292 2499 uon
308 2451 484 2491 genuinum
499 2462 564 2483 esse
584 2452 732 2489 Platonis,
757 2452 811 2484 sed
826 2455 865 2484 ab
882 2454 990 2485 Attico
1004 2454 1154 2494 scriptum
1169 2453 1259 2484 istius
1274 2453 1411 2487 familiae.
1436 2461 1506 2492 quae
1521 2449 1618 2481 etiam

129 2492 316 2524 Oratoribus
330 2500 377 2524 tot
389 2495 590 2534 μελετῆματα
603 2495 746 2536 subjecit,
769 2496 924 2527 dubitatio
939 2497 1049 2528 veteris
1065 2497 1172 2528 Critici
1188 2496 1272 2536 apud
1290 2496 1454 2527 AElianum
1469 2494 1575 2525 VIII.
1592 2496 1620 2523 2.

131 2535 229 2577 (mnf.
242 2546 336 2577 supra
350 2548 378 2577 p.
397 2538 543 2579 XLIX.)
569 2546 602 2569 et
616 2539 818 2570 Valckenarii
831 2550 975 2571 assensus
998 2540 1033 2570 in
1054 2541 1219 2571 Herodoto
1244 2539 1376 2570 lVessel.
1400 2549 1428 2579 p.
1452 2541 1526 2569 398.
1541 2536 1620 2567 mihi

131 2577 224 2616 plane
245 2580 404 2628 persuasit.
451 2581 532 2617 Quae
546 2582 726 2623 conjectura
739 2583 764 2613 si
781 2583 854 2613 viris
868 2583 1058 2614 doctioribus
1072 2584 1261 2622 probabitur,
1279 2582 1465 2623 (eademque
1479 2581 1619 2621 aliquan-

130 2621 216 2670 ‘¹⁰55
227 2622 304 2653 ahos
318 2623 469 2663 quosdam
485 2625 621 2656 minores
635 2625 777 2665 dialogos
794 2626 917 2656 Platoni
932 2626 1050 2666 eripiet,
1066 2632 1097 2656 et
1111 2626 1152 2657 ad
1168 2626 1389 2657 Demodocum
1403 2632 1435 2656 et
1452 2625 1620 2664 Sisyphum

130 2666 276 2713 Υθᾙῦίῗῑ.)
298 2676 393 2698 nemo
412 2667 584 2704 mirabitur,
611 2679 666 2698 cur
683 2669 902 2708 Hipparchum
918 2679 980 2700 non
997 2680 1069 2700 cum
1088 2670 1231 2700 Meursio
1246 2670 1396 2710 majorem
1424 2674 1501 2698 natu
1524 2674 1619 2706 quam

133 2706 287 2755 Hippiam
301 2709 531 2749 appellaverim,
554 2711 653 2743 victus
667 2712 848 2753 gravissima
868 2713 1049 2744 auctoritate
1064 2712 1258 2753 Thucydidis
1282 2720 1314 2743 ct
1333 2710 1567 2754 quodammodo
1588 2717 1620 2737 c-

136 2755 215 2781 tiam
239 2751 405 2784 Herodoti.

178 2794 200 2823 b
221 2793 356 2836 Lycurg.
380 2796 415 2827 in
440 2797 547 2828 Leocr.
572 2808 601 2838 p.
629 2801 701 2830 209.
725 2798 832 2829 Reisk.
854 2798 940 2830 ollem
965 2800 1111 2836 ὑπέλαβον
1126 2800 1201 2839 ὖμᾶν
1217 2800 1240 2830 ω’
1257 2799 1375 2841 τατέρες
1392 2795 1540 2829 σπουδαῖον
1556 2794 1622 2826 εἷναι

137 2838 266 2887 ποιητῇν,
290 2838 360 2872 ὅςτί
376 2841 453 2879 νόμον
467 2841 576 2878 {Seram
600 2843 672 2872 καθ’
695 2843 821 2875 ἑκάστην
836 2842 1043 2886 πενταετηρίδα
1058 2844 1112 2873 τῶν
1130 2843 1340 2876 Παναθηναίων
1354 2842 1437 2881 μόνου
1454 2840 1508 2870 *νῦν
1522 2839 1623 2868 ἄλλων

136 2891 258 2951 {tumtur
271 2880 472 2932 ῥαψῗδεῖσθαα
487 2885 528 2915 τὰ
544 2885 609 2921 ἔτη,
633 2884 758 2924 ἒτῖἷυξιι
774 2885 925 2925 ποιούμεναι
941 2888 1008 2928 τρὶς
1024 2886 1088 2919 τοὺς
1098 2888 1259 2920 ”Ελληνας,
1282 2886 1324 2916 ἔτι
1342 2886 1380 2915 «τὰ
1396 2884 1551 2914 κάλλιστα
1568 2882 1623 2912 *νῦν

152 2935 226 2963 εγω,
240 2935 413 2966 ῗςθῃρθυντᾶο

179 2975 196 2994 c
220 2965 375 2998 Herodot.
398 2968 483 3000 VII.
498 2973 526 3000 6.
550 2969 642 3002 Plato
656 2970 676 3002 l.
692 2981 717 3002 c.
736 2971 824 3004 Suid.
839 2971 930 3002 Tom.
949 2971 997 3002 ΙΙ.
1014 2981 1081 3011 pag.
1098 2974 1180 3010 719.-

160 3019 248 3056 V011.
271 3022 316 3057 V.
880 3026 916 3060 H
942 3026 962 3059 h
