1856 3235
911 218 963 265 iv

183 338 296 383 libris
317 337 476 393 scriptis
503 351 580 380 nec
608 338 746 380 moliri
774 337 904 379 multa
931 338 976 378 in
1011 337 1170 393 scriptis
1200 346 1384 381 veterum
1413 341 1671 395 sustinemus,

185 432 259 460 nec
279 417 456 460 multum
476 418 623 474 profici
642 433 760 474 posse
780 418 1072 459 existimamus.

239 495 422 552 Hymnis
441 497 712 552 subjiciuntur
729 498 1050 551 Epigrammata,
1072 503 1113 537 et
1132 496 1212 537 alia
1230 512 1359 552 parva
1376 500 1602 552 Poematia,
1623 516 1678 543 ex

182 581 281 624 Vita
301 581 493 632 Homeri,
515 597 607 637 quae
628 596 722 623 cum
741 582 945 622 Herodoti
963 580 1076 622 libris
1096 581 1163 622 edi
1190 581 1305 631 solet,
1337 584 1527 637 repetita3
1562 586 1677 641 quod

188 662 424 704 institutum
455 670 514 704 est
542 662 594 703 ab
614 663 797 702 Henrico
826 663 1044 715 Stephano,
1075 662 1305 718 imitatique
1340 672 1448 714 sunt,
1479 666 1552 721 qui
1579 674 1676 721 post

133 764 136 768 -
181 758 277 785 eum
296 745 467 784 Homeri
498 743 694 784 Carmina
722 742 900 783 edidere.
961 742 1106 798 Itaque
1135 743 1383 785 emendandi
1412 745 1456 785 in
1485 745 1550 787 his
1571 746 1676 788 Car-

179 824 361 866 minibus
377 824 467 865 fons
497 832 556 865 est
582 824 627 864 in
655 823 776 879 hujus
805 823 929 864 libelli
958 823 1076 864 editis
1096 832 1137 865 et
1156 825 1317 879 scriptis
1346 825 1472 876 libris,
1494 827 1675 884 itemque

179 904 224 945 in
262 906 399 955 Suida,
431 905 501 961 qui
530 905 573 945 in
603 904 745 946 Vitam
776 904 969 954 Homeri,
1016 920 1042 945 a
1070 920 1112 946 se
1141 905 1447 956 concinnatam,
1478 921 1676 963 magnam

180 1000 323 1028 eorum
343 995 516 1041 partem,
551 1000 604 1027 ex
623 986 769 1028 eodem
789 986 938 1036 libello,
971 994 1018 1027 ut
1048 986 1210 1041 opinor,
1238 986 1451 1038 derivavit,
1474 996 1516 1029 et
1536 989 1678 1030 Certa-

179 1067 284 1107 mine
301 1067 473 1107 Homeri
488 1073 525 1107 et
544 1068 732 1116 Hesiodi,
752 1067 797 1107 in
818 1081 901 1122 quo
915 1067 1068 1122 pariter
1089 1066 1279 1122 quaedam
1300 1076 1536 1110 occurrunt.
1587 1069 1676 1111 Eos

180 1144 307 1186 libros
325 1161 402 1187 nos
422 1148 707 1202 usurpavimus
732 1162 810 1201 pro
831 1148 962 1202 copia,
995 1162 1088 1203 quae
1108 1156 1198 1188 tum
1218 1157 1322 1198 erat,
1356 1163 1451 1190 cum
1470 1164 1559 1191 eam
1581 1165 1678 1206 par-

177 1226 342 1268 ticulam
363 1227 596 1268 Voluminis
615 1227 862 1281 parabamus
887 1226 1014 1281 prelo.
1076 1227 1186 1276 Quae
1205 1236 1300 1282 post
1323 1228 1539 1271 observata
1557 1230 1678 1273 nobis

178 1318 287 1360 sunt,
309 1318 477 1364 accepto
496 1309 726 1364 praesertim
746 1310 949 1350 Herodoti
980 1309 1302 1365 Wesselingiani
1322 1312 1527 1367 exemplo,
1565 1328 1615 1354 ea
1633 1314 1680 1361 in

182 1394 382 1434 Addenda
403 1393 627 1434 retulimus.

234 1476 286 1517 In
306 1475 369 1516 his
391 1479 505 1530 (nam
525 1475 579 1516 de
593 1474 846 1528 Fragmentis
865 1473 1024 1514 dictum
1039 1481 1099 1514 est
1118 1488 1162 1514 111
1182 1488 1328 1515 eorum
1348 1476 1500 1529 capite)
1520 1484 1562 1517 et
1583 1491 1676 1518 cor-

178 1556 358 1598 reximus
379 1555 554 1596 subinde
573 1555 683 1604 vitia,
706 1568 800 1610 quae
814 1554 867 1594 ab
888 1554 1023 1609 operis
1044 1561 1253 1604 venerant,
1290 1563 1331 1596 et
1350 1569 1448 1596 vero
1468 1556 1593 1597 etiam
1613 1556 1678 1598 in-

179 1637 343 1680 terdum
361 1636 522 1677 notulas
541 1643 714 1684 nostras,
746 1649 846 1689 quas
877 1633 1002 1674 etiam
1031 1634 1240 1675 auximus:
1271 1624 1546 1691 inprimisque*
1560 1635 1679 1678 dedi-

179 1733 270 1761 mus
290 1720 493 1771 Excerpta
527 1718 683 1759 Codicis
711 1717 866 1769 scripti,
897 1730 1020 1771 quem
1049 1716 1168 1757 nobis
1198 1731 1222 1757 e
1253 1716 1513 1758 Bibliotheca
1542 1716 1678 1759 Elisa-

179 1799 358 1841 bethana
377 1798 488 1854 apud
510 1797 848 1840 Uratislavienses
878 1796 1154 1852 suppeditavit
1186 1796 1427 1854 Theologus
1454 1797 1678 1840 eruditissi-

181 1894 285 1930 mus,
308 1881 505 1936 annisque
526 1888 566 1921 et
593 1879 750 1920 meritis
776 1879 820 1919 in
842 1878 1070 1919 Ecclesiam
1091 1886 1132 1919 et
1160 1877 1296 1919 literas
1315 1878 1587 1929 venerandus,
1618 1880 1678 1921 D.

181 1962 246 2004 Jo.
282 1962 438 2002 Frider.
480 1962 668 2016 Burgz‘us.
729 1959 771 2001 Is
790 1959 906 2009 liber,
937 1958 1035 2014 quia
1062 1972 1190 1999 manu
1220 1959 1436 1999 Michaeas
1465 1959 1680 2012 Apostoliz,

184 2044 330 2085 eruditi
352 2044 544 2092 hominis,
568 2043 742 2098 scriptus
773 2049 845 2091 est,
876 2040 929 2082 ab
950 2040 1257 2097 expugnatione
1275 2040 1435 2096 patriae,
1469 2040 1677 2084 Constan-

185 2125 393 2180 tinopolis,
416 2125 460 2164 in
482 2124 608 2165 Creta
637 2122 769 2164 insula
788 2122 1006 2171 exulantis,
1039 2129 1081 2162 et
1110 2128 1282 2176 propter
1311 2128 1598 2176 paupertatem
1628 2122 1677 2163 li-

181 2206 266 2248 bris
285 2207 431 2263 graecis
460 2205 684 2247 scribendis
711 2204 866 2245 victum
896 2202 1129 2258 quaerentiS,
1161 2209 1207 2242 ut
1236 2216 1309 2242 sua
1327 2201 1415 2255 ipse
1434 2216 1561 2243 manu
1581 2202 1678 2244 sub-

185 2287 358 2342 scripsit,
390 2287 530 2341 putavi
564 2284 861 2328 accuratiorem
906 2282 1028 2338 hujus
1062 2282 1156 2322 libri
1203 2280 1447 2336 scripturam
1488 2281 1590 2332 fore,
1635 2291 1678 2325 et

186 2376 404 2423 propterea
424 2367 598 2424 dignum
621 2366 832 2415 Codicem,
865 2364 935 2420 qui
966 2379 991 2404 a
1017 2378 1082 2404 me
1103 2362 1322 2420 diligenter
1353 2377 1449 2404 cum
1483 2363 1676 2418 exemplo

187 2448 412 2491 Clarkiano
441 2455 759 2503 compararetur.
820 2445 1045 2486 Enimvero
1074 2443 1170 2492 vidi,
1203 2442 1315 2499 quod
1344 2443 1433 2498 ipsa
1467 2442 1680 2500 Excerpta

186 2530 405 2578 docebunt,
428 2528 491 2569 vel
511 2543 585 2583 per
605 2528 822 2576 inscitiam,
844 2525 906 2567 vel
925 2540 999 2580 per
1028 2524 1320 2582 negligentiam
1339 2522 1532 2575 hominis,
1568 2524 1679 2567 festi-

187 2611 322 2652 nantis
342 2610 493 2651 scilicet
515 2610 556 2650 in
583 2608 865 2658 describendo,
887 2616 1057 2663 propter
1086 2621 1190 2655 eam,
1223 2621 1348 2662 quam
1367 2606 1456 2647 dixi
1478 2620 1677 2661 caussam,

189 2706 298 2748 saepe
317 2691 614 2732 vitiosissimam
650 2705 734 2731 esse
769 2689 1029 2744 scripturam,
1061 2703 1138 2729 nec
1157 2687 1296 2737 modO,
1319 2695 1390 2729 aut
1409 2688 1601 2739 maxime,
1632 2690 1678 2731 in

190 2775 292 2817 raris
311 2783 352 2816 et
367 2771 661 2814 difficilioribus
684 2771 831 2820 verbis,
848 2769 918 2811 sed
938 2770 1061 2811 etiam
1090 2770 1133 2810 in
1153 2769 1333 2810 maxime
1364 2767 1615 2826 vulgaribuS,
1637 2776 1678 2811 et

189 2856 258 2896 ubi
280 2855 388 2912 loges
407 2853 603 2903 metricae,
632 2851 694 2892 vel
715 2851 767 2892 ad
788 2850 986 2905 puerilem
1007 2848 1177 2891 modum
1208 2849 1400 2906 cognitae,
1421 2849 1458 2892 ci
1488 2856 1680 2905 poterant
