1856 3235
570 208 1069 261 PROLEGOMEN
1074 211 1138 257 A.
1516 208 1609 260 279

116 347 354 414 jectando
386 344 640 407 indagasse
664 359 754 406 pro
778 341 998 389 absurdis
1024 348 1074 388 et
1107 339 1238 387 falsis
1261 340 1500 403 prioribus
1524 356 1622 403 pu·

124 425 300 471 temus,
325 411 456 459 haud
473 409 599 456 male
619 408 679 455 de
699 407 899 471 ingenio
919 406 1022 470 ejus
1039 406 1214 454 critico
1234 406 1611 453 existimandum

127 482 233 529 erit.
305 478 594 538 Quanquam
630 473 761 521 ultro
791 472 962 529 fateor,
990 489 1068 519 me
1103 487 1165 519 ne
1189 471 1239 517 in
1281 470 1356 517 his
1397 472 1610 534 quidem,

126 562 234 610 quae
257 542 418 607 paullo
439 541 619 588 certius
639 539 700 586 ad
725 538 828 602 ejus
853 538 1185 602 conjecturam
1206 535 1376 583 referri
1391 545 1609 599 possunt,

124 609 442 659 robustiorem
464 604 805 669 conjecturalis
825 605 938 651 artis
957 604 1210 650 infantiam
1230 618 1374 665 quam
1390 603 1439 647 in
1460 602 1612 648 Zeno-

126 677 243 724 doto
287 673 562 737 intelligere
588 683 633 719 ².
705 670 818 726 Quo
855 670 1009 733 magis
1050 677 1258 733 augetur
1293 667 1610 730 exspectatio,

127 740 251 805 quid
273 739 472 786 tandem
509 735 822 784 Aristarchus
866 736 1066 799 dignum
1105 735 1337 782 allaturus
1373 733 1435 780 sit
1468 731 1613 789 fama,

125 822 269 870 quam
294 806 355 852 ob
382 803 694 852 emendatum
737 810 786 849 et
819 802 954 865 quasi
979 800 1258 848 restitutum
1282 805 1476 861 poetam
1502 813 1614 845 con-

123 887 267 920 sensu
292 870 447 918 omnis
471 867 773 932 antiquitatis
793 868 999 931 adeptus
1024 875 1098 914 est
1121 865 1502 915 celeberrimam.

794 1066 954 1114 XLV.

191 1200 488 1250 Incredibile
515 1200 653 1248 dictu
679 1206 769 1256 est,
806 1206 987 1262 quanta
1012 1197 1286 1245 Aristarchi
1310 1207 1329 1232 b
1355 1195 1470 1244 olim
1496 1213 1607 1244 auc-

120 1269 292 1316 toritas
332 1266 481 1315 fuerit
515 1283 614 1313 non
650 1265 805 1313 solum
841 1265 971 1328 apud
1010 1264 1230 1311 homines
1255 1263 1473 1327 ejusdem
1508 1278 1618 1325 pro-

123 1333 360 1390 fessionis,
409 1332 495 1380 sed
545 1332 676 1396 apud
724 1331 939 1379 eruditos
985 1346 1168 1385 omnes,
1218 1338 1268 1377 et
1320 1329 1522 1377 Graecos
1570 1335 1620 1375 et

122 1399 344 1448 Latinos.
414 1398 658 1446 Nimirum
706 1413 854 1460 quum
900 1395 1118 1460 plerique
1167 1394 1501 1450 Grammatici,
1551 1410 1619 1441 ar-

121 1472 224 1515 tem
267 1465 501 1513 docentes
552 1463 869 1511 Alexandriae
921 1469 971 1509 et
1025 1464 1212 1518 Romae,
1256 1462 1306 1508 in
1347 1461 1520 1525 quibus
1555 1458 1618 1507 ad

121 1598 214 1628 hasce
229 1607 293 1626 non
308 1596 501 1636 inelegantes
515 1595 689 1634 scripturas
714 1593 772 1626 οὐδὲ
787 1595 837 1633 μὲν
854 1592 936 1636 ἰδρείῃ
953 1604 981 1632 p.
997 1593 1055 1624 οὐδέ
1072 1595 1098 1623 2.-'
1114 1592 1226 1636 ἀϊδρείῃ
1248 1596 1282 1627 n'.
1305 1597 1382 1625 198,
1402 1593 1466 1626 τοὺς
1482 1603 1512 1630 p.
1531 1590 1562 1626 δὴ
1577 1591 1620 1630 μ’.

123 1643 182 1675 68.,
206 1639 291 1680 ἵππῳ
308 1649 336 1678 p.
353 1639 495 1670 ‘a'z-ffwuB‘.
515 1643 583 1669 142.
630 1639 713 1668 Nam
740 1637 920 1668 Scholiastae
937 1647 999 1666 non
1024 1636 1124 1671 credo,
1150 1637 1393 1675 Aristophanem
1417 1635 1459 1666 ibi
1475 1635 1559 1665 ‘'lom-m
1578 1635 1622 1664 le-

122 1683 204 1724 gisse
219 1681 361 1712 dualiter.
409 1682 468 1712 Sed
484 1682 532 1711 his
548 1682 581 1711 in
597 1681 673 1712 locis
690 1681 824 1720 vulgatae
840 1679 966 1710 defendi
982 1680 1061 1710 b‘ene
1076 1686 1233 1718 poterunt.

168 1737 188 1756 a
213 1725 369 1756 Videlicet
382 1726 440 1755 hoc
455 1736 547 1755 sensu
563 1725 700 1765 diligens
715 1723 862 1764 cogitatio
878 1723 992 1753 imbuit
1008 1729 1240 1761 comparantem
1258 1722 1364 1752 omnia
1387 1721 1445 1751 sub
1472 1731 1538 1750 uno
1563 1719 1619 1750 ad-

123 1774 240 1808 spectu.
287 1769 327 1798 In
345 1768 477 1809 singulis
493 1769 587 1804 enim,
613 1774 647 1798 ut
662 1777 742 1806 saepe
758 1767 831 1801 dixi,
856 1776 967 1805 parum
984 1772 1113 1801 certum,
1137 1765 1214 1806 quid
1233 1765 1361 1806 quisque
1376 1764 1542 1805 conjecerit
1559 1765 1621 1802 pri-

121 1822 201 1842 mus.
249 1811 370 1848 Quodsi
385 1811 571 1852 conjecturae
594 1822 612 1840 a
634 1810 788 1841 veteribus
812 1809 997 1839 lectionibus
1023 1808 1165 1849 dignosci
1188 1820 1205 1838 a
1230 1809 1320 1839 nobis
1346 1810 1524 1848 conjectura
1549 1817 1620 1845 pos·

123 1860 201 1890 sent,
226 1854 336 1884 inillis
351 1855 549 1893 potissimum
572 1864 772 1884 numerarem
796 1854 860 1886 has,
886 1852 926 1892 γ’.
960 1856 1006 1883 15.
1029 1854 1179 1883 κανισάλου
1202 1852 1300 1894 a's'gw-r’
1325 1852 1431 1886 ἀέλλη,
1458 1850 1498 1892 (si
1524 1850 1621 1880 modo

120 1898 166 1928 ita
182 1898 288 1929 Schol.
303 1897 412 1936 voluit,
436 1908 471 1928 ac
486 1908 550 1927 non
568 1899 688 1931 ἀελλής.
713 1897 760 1927 uti
783 1896 931 1935 scripturn
950 1902 1004 1925 est.
1055 1895 1288 1925 Substantivum
1313 1901 1418 1925 autem
1443 1894 1503 1924 isto
1526 1892 1621 1923 modo

119 1942 295 1972 scribebant
308 1940 394 1977 olim,
418 1951 482 1971 non
498 1942 605 1972 ἄελλαι.
652 1940 700 1970 Cf.
719 1941 758 1970 V.
775 1940 810 1969 L.
834 1939 873 1969 ad
890 1939 1032 1977 τ’.574.)
1058 1939 1094 1977 ζ’.
1126 1942 1194 1969 148.
1223 1939 1420 1972 τηλεθόωντα,
1449 1946 1525 1967 mox
1552 1936 1617 1979 ster·

124 1994 197 2015 casu
213 1984 312 2019 tertio,
337 1994 411 2014 cum
426 1984 580 2014 similibus
596 1983 766 2014 nonnullis.
812 1981 935 2017 Qualia,
960 1982 1012 2022 qui
1039 1982 1161 2012 acutius
1188 1989 1338 2016 movetur,
1363 1991 1459 2021 quam
1486 1980 1622 2018 plurima

122 2027 238 2057 chartis
253 2026 365 2057 illudat
389 2027 497 2067 quavis
520 2028 606 2056 hora.
655 2027 856 2056 Postremum
883 2025 970 2057 illud.
994 2025 1059 2067 ὥρῃ,
1082 2032 1241 2064 receptum
1264 2030 1310 2054 est
1336 2026 1374 2054 ab
1389 2024 1544 2057 omnibus,
1569 2024 1622 2052 ob-

128 2070 252 2101 literato
267 2070 440 2110 antiquiore
456 2070 657 2103 nominativo,
682 2079 774 2109 quem
793 2078 879 2098 nunc
894 2067 1021 2097 tandem
1037 2070 1185 2103 revocavi,
1209 2069 1283 2108 quia
1307 2078 1343 2097 ex
1361 2078 1398 2098 eo
1414 2066 1499 2096 haud
1514 2065 1623 2105 paullo

121 2113 222 2153 aptior
237 2113 390 2144 sententia
404 2113 596 2144 efficiebatur
610 2120 641 2143 et
653 2112 844 2142 constructio
862 2111 1004 2141 Homero
1026 2112 1157 2150 propria,
1182 2112 1261 2154 ἕαξος
1289 2110 1315 2141 δ’
1340 2110 1525 2150 ἐπιγίγνεται
1551 2109 1618 2152 o'a'gn,

122 2167 189 2188 vere
205 2158 330 2187 oriente.
375 2157 418 2187 Et
434 2166 519 2186 nunc
534 2158 636 2195 ipsum
654 2155 748 2185 audio
766 2155 806 2185 de
831 2155 1035 2189 Buttmanno,
1060 2155 1234 2193 praestantis
1260 2154 1378 2195 ingenii
1405 2154 1478 2188 viro,
1503 2152 1532 2183 ei
1552 2152 1621 2192 jam

122 2199 245 2230 dudum
261 2199 392 2230 eandem
408 2200 560 2230 rationem
578 2205 608 2229 et
624 2199 850 2230 correctionem
865 2198 896 2227 in
915 2203 1053 2227 mentem
1071 2197 1199 2228 venisse.

163 2243 321 2274 Praeterea
335 2253 394 2283 age
408 2244 501 2273 etiam
519 2243 654 2283 reliquos
669 2242 753 2272 locos
767 2242 818 2271 hic
842 2247 996 2274 notemus,
1021 2241 1074 2271 ubi
1100 2240 1318 2280 Aristophanis
1344 2239 1430 2271 crisis
1455 2238 1623 2279 apponitur

118 2293 155 2325 in
173 2294 306 2324 Scholiis
321 2294 446 2325 nostris:
473 2294 602 2344 ij-1⁶24.
620 2287 725 2333 ‚tc-1⁸32.
748 2295 779 2326 δ’.
798 2286 844 2326 ff.
870 2286 993 2329 „2233
1018 2292 1058 2324 θ’.
1086 2297 1133 2323 io.
1150 2297 1222 2324 513.
1247 2292 1272 2323 ι’.
1296 2296 1324 2323 4.
1348 2294 1385 2324 κ’.
1404 2297 1472 2324 155.
1489 2295 1561 2324 591.
1585 2291 1625 2322 λ’.

119 2351 173 2379 26.
196 2352 247 2379 94.
271 2351 342 2378 219.
363 2346 404 2384 μ’.
421 2350 471 2377 54.
487 2353 538 2379 59.
562 2349 590 2378 ν’.
607 2340 657 2380 2—9.
673 2340 727 2379 σῖ
740 2350 876 2379 92-348.
893 2339 973 2378 ἧῖ
988 2347 1021 2385 ξ’.
1038 2349 1086 2377 45.
1115 2337 1167 2376 ἐξ.
1187 2338 1265 2377 4—16‘.
1289 2349 1362 2376 474.
1386 2345 1426 2376 π’.
1457 2348 1524 2375 188.
1539 2337 1623 2376 313.

55 2402 63 2407 ”
119 2392 246 2444 ff(-
266 2405 335 2431 178.
359 2404 431 2430 254.
449 2404 520 2430 264.
542 2402 577 2431 α’.
593 2403 665 2431 576.
689 2403 720 2431 v'.
735 2405 808 2431 506.
832 2403 869 2441 φ’.
890 2405 956 2432 127.
981 2406 1052 2432 249.
1074 2403 1146 2431 446.
1192 2399 1233 2429 In
1251 2399 1364 2439 quibus
1379 2408 1473 2438 quam
1489 2397 1569 2427 levia
1592 2403 1623 2427 et

121 2444 283 2475 minutula
299 2443 403 2477 insint,
428 2443 539 2473 viderit
553 2444 665 2478 statim,
691 2444 870 2484 quicunque
885 2444 1105 2474 molestissimo
1127 2443 1233 2473 labore
1249 2447 1354 2472 nostro
1379 2441 1425 2471 uti
1453 2441 1543 2471 volet.
1590 2441 1621 2470 1-

119 2486 256 2528 demque
272 2486 513 2517 inconstantiam
528 2493 560 2516 et
574 2487 798 2527 negligentiam
815 2487 1044 2527 Excerptorum
1060 2486 1106 2517 vel
1123 2492 1233 2525 sponte
1254 2485 1410 2524 intelliget
1431 2484 1513 2514 inde.
1538 2484 1623 2524 quod

119 2530 186 2561 illic
201 2531 294 2569 plane
308 2530 423 2560 omissa
440 2537 486 2560 est
504 2530 721 2568 Aristophanis
737 2530 867 2560 varietas
882 2531 914 2560 in
939 2531 976 2561 α’.
1006 2534 1074 2560 122.
1098 2529 1371 2568 &Mamakome-s,
1395 2537 1490 2566 quam
1514 2527 1544 2562 ii,
1568 2527 1623 2567 qui

120 2583 218 2613 prope
233 2573 309 2604 nihil
327 2573 504 2603 istiusmodi
519 2574 666 2612 praebent,
690 2573 876 2603 Eustathius
901 2580 933 2604 et
959 2573 1079 2604 brevior
1096 2572 1197 2603 Schol.
1223 2571 1263 2602 ad
1287 2571 1399 2610 Odyss.
1413 2570 1451 2606 β’.
1471 2573 1539 2601 190.
1563 2579 1624 2599 ser-

121 2622 244 2652 varunt,
266 2627 366 2656 quum
381 2616 496 2646 eximia
513 2616 638 2646 Scholia
654 2615 732 2646 adeo
747 2624 888 2647 accurate
902 2616 1044 2656 prodant,
1073 2616 1162 2646 illum
1191 2618 1219 2646 ι’.
1236 2618 1306 2646 715.
1329 2617 1393 2654 σφὶν
1419 2612 1533 2656 σταδίῃ,
1559 2622 1623 2642 non

122 2660 176 2700 eo?
191 2659 304 2694 σταδίῃ,
328 2660 361 2699 ξ’.
377 2663 448 2690 203.
469 2660 567 2694 Ῥείας,
592 2670 654 2689 non
670 2661 755 2693 Ῥείης
771 2667 827 2689 etc.
845 2660 965 2700 legisse.

169 2702 222 2732 Ad
240 2693 413 2742 odysseam
429 2703 565 2743 denique
581 2703 659 2732 nihil
686 2709 825 2740 superest
850 2703 999 2742 praecipui
1026 2713 1064 2733 ex
1091 2702 1183 2732 variis
1207 2700 1366 2740 scripturis
1395 2698 1622 2737 Aristophanis,

123 2744 187 2776 nisi
201 2755 250 2784 ap.
268 2746 383 2776 Athen.
400 2752 431 2776 et
447 2747 598 2780 Eustath.,
622 2746 675 2785 qui
692 2745 786 2786 longe
800 2745 890 2785 plura
905 2746 991 2776 illius
1005 2745 1208 2785 grammatica
1230 2745 1330 2779 habet,
1355 2753 1392 2773 ex
1407 2742 1623 2780 Ὑπομνήμασι,

124 2788 276 2823 rafica-oue
292 2795 325 2819 et
337 2789 447 2819 similis
462 2790 583 2829 generis
605 2789 691 2819 libris
706 2796 857 2828 excerpta,
882 2800 952 2829 quae
967 2789 1142 2819 diutissime
1158 2798 1212 2827 per
1237 2797 1350 2817 manus
1367 2786 1502 2814 vinorum
1519 2783 1628 2814 docto·

123 2841 196 2862 rum
214 2831 326 2862 tradita
340 2831 493 2862 videntur.
540 2831 687 2862 Indidem
703 2831 822 2872 aliquid
836 2833 869 2862 in
886 2833 1017 2863 Venetis
1031 2833 1161 2862 affertur
1176 2837 1292 2870 septem
1321 2830 1396 2859 locis
1411 2828 1449 2857 ad
1473 2828 1625 2866 interpre-

124 2873 266 2909 tandum,
289 2876 327 2905 α’.
343 2877 372 2906 5.
389 2879 460 2906 567.
483 2875 509 2906 ι’.
525 2878 598 2906 578.
623 2879 656 2906 κ’.
674 2879 745 2905 534.
769 2879 806 2906 λ’.
823 2879 852 2906 4.
875 2878 912 2915 φ’.
931 2880 1000 2907 126.
1025 2875 1071 2914 ψ’.
1093 2879 1168 2909 104.,
1192 2874 1265 2904 alibi
1289 2872 1328 2904 ad
1344 2870 1520 2911 prosodiam
1537 2881 1559 2900 s.
1576 2880 1627 2900 ac.

122 2923 242 2954 centus,
267 2920 294 2949 ε’.
311 2921 382 2949 289.
405 2918 434 2949 ο’.
450 2922 522 2949 606.
547 2921 577 2949 u'.
593 2922 643 2949 30.
668 2921 713 2957 ψ’.
731 2922 802 2950 419.
825 2919 863 2949 ω’.
880 2923 930 2949 84.
953 2919 1024 2949 coll.
1046 2918 1086 2949 nd
1102 2921 1129 2950 0‘.
1148 2921 1197 2948 10.

165 2961 186 2991 b
210 2961 275 2991 Sub
293 2960 464 2992 Ptolemaeo
480 2961 701 2996 Philometore,
727 2962 795 2991 circ.
814 2961 941 3002 Olymp.
959 2962 1080 2993 CLVI.
1127 2960 1209 2990 Vide
1228 2958 1324 2999 Bayle
1341 2958 1426 2988 Dict.
1441 2967 1468 2988 v.
1485 2955 1624 2987 Aristar-

121 3012 183 3045 que
196 3009 227 3035 et
244 3005 279 3036 C.
295 3004 332 3035 L.
357 3005 519 3035 Matthesii
537 3005 619 3035 Diss.
635 3004 675 3035 de
697 3005 878 3036 Aristarcho
896 3005 1122 3039 Grammatico,
1150 3005 1239 3034 1725.
