1856 3235
593 218 1151 278 PROLEGOMENA.
1526 233 1619 272 303

211 359 470 408 Ordiamur
507 356 566 402 ab
604 354 845 409 extremis,
886 357 1134 417 Ὁμηρικῶς,
1172 359 1227 398 ut
1265 353 1414 399 aiunt.
1484 352 1619 400 Nota

145 437 247 474 erat
259 425 360 488 jam
383 421 562 470 dudum
590 437 651 468 ex
687 419 943 467 Eustathio
967 428 1017 466 et
1039 418 1142 465 aliis
1173 418 1370 471 ἀθέτησις
1393 433 1618 464 versuum

145 492 206 538 de
220 488 407 554 judicio
442 485 623 532 Paridis
655 484 711 532 ω’.
750 493 973 540 eci—30„
1000 483 1145 530 modo
1185 492 1353 530 auctor
1390 484 1619 537 ἀθετῆσεως

143 555 464 619 ignorabatur,
507 550 649 614 quem
691 551 1027 598 Aristarchum
1065 565 1167 596 esse
1202 564 1335 595 nunc
1383 549 1617 611 comperi-

143 637 262 668 mus.
331 618 411 664 Ab
450 633 507 664 eo
530 616 679 679 igitur
703 624 870 663 notata
893 623 1005 662 sunt
1028 615 1075 661 in
1096 615 1241 661 istum
1265 613 1429 660 locum
1454 624 1503 660 et
1526 613 1618 660 alia

145 683 361 748 quaedam
386 698 498 729 sane
539 681 732 738 leviora,
761 691 810 729 et
832 682 940 736 hoc,
968 679 1098 744 quod
1126 679 1371 726 Homerus
1394 679 1613 741 gravissi-

142 765 265 796 mam
289 745 418 801 illam
443 764 634 795 causam
656 747 772 794 belli
796 763 893 793 non
917 745 1088 793 fuisset
1111 761 1209 792 uno
1232 744 1343 791 loco
1367 743 1613 800 allaturus,

140 813 363 878 quoniam
383 812 483 876 ejus
507 812 806 875 attingendae
821 828 946 874 saepe
971 811 1164 858 occasio
1188 810 1373 865 fuisset,
1401 811 1438 856 si
1454 808 1617 856 fabula

138 886 263 927 esset
286 879 482 925 omnino
506 879 660 925 aetatis
687 877 974 925 Homericae.
1042 875 1382 923 Obvertebant
1422 873 1618 938 quidem

140 943 361 992 nonnulli
406 943 544 1006 plura
584 943 713 1006 apud
757 947 950 1005 poetam
998 941 1146 988 semel
1183 948 1461 995 memorata,
1510 956 1617 1003 quae

141 1017 304 1057 tamen
324 1009 495 1056 Critici
508 1009 693 1056 intacta
710 1008 1029 1071 reliquissent.
1086 1007 1295 1053 Frustra.
1354 1006 1467 1053 Non
1487 1005 1617 1052 enim

138 1075 220 1123 ille
243 1074 284 1122 ε’.
311 1081 384 1121 63.
409 1074 518 1122 silet
535 1078 626 1127 νῆας
648 1075 907 1138 οὶξχεκάκους
930 1073 960 1120 i.
982 1090 1023 1120 e.
1049 1072 1404 1136 profectionem
1431 1070 1614 1117 Paridis

137 1140 556 1195 Lacedaemonem,
583 1141 633 1186 in
657 1157 750 1203 qua
775 1155 835 1186 ex
860 1155 991 1186 more
1029 1138 1191 1185 saeculi
1216 1138 1288 1184 sui
1312 1136 1443 1184 haud
1468 1136 1614 1183 dubie

141 1207 202 1254 ad
224 1206 418 1253 fatalem
439 1222 631 1252 causam
654 1221 955 1268 regressurus
980 1212 1095 1260 erat,
1123 1220 1230 1266 quae
1254 1202 1446 1265 culpam
1465 1210 1615 1248 trans·
1651 1214 1654 1218 ’

142 1271 292 1320 ferret
306 1272 357 1318 in
373 1271 500 1318 deos.
575 1271 901 1326 Quamobrem
922 1278 970 1317 et
985 1278 1172 1317 veteres
1192 1272 1224 1325 ³,
1252 1278 1302 1316 et
1319 1267 1613 1315 recentiores

139 1337 301 1400 aliqui,
341 1337 392 1383 in
434 1337 604 1400 quibus
643 1337 792 1383 instar
828 1336 1043 1383 omnium
1086 1333 1481 1382 Hemsterhusius
1522 1340 1612 1390 est,

139 1403 282 1467 plane
300 1403 626 1466 probaverunt
641 1402 881 1464 judicium
900 1401 1036 1456 illud,
1059 1417 1154 1463 quo
1164 1400 1406 1463 judicium
1428 1398 1612 1445 Paridis

138 1468 344 1517 tollitur.
413 1467 586 1530 Neque
605 1467 829 1530 equidem
845 1474 993 1513 tantae
1011 1465 1289 1514 auctoritati
1307 1464 1608 1527 obloquerer‚

137 1533 229 1581 nisi
253 1533 384 1588 mihi,
428 1540 482 1579 ut
505 1532 616 1580 alibi
657 1532 937 1595 significavi,
969 1533 1019 1578 in
1059 1531 1132 1578 his
1168 1531 1422 1595 postremis
1463 1529 1611 1576 alium

137 1606 386 1646 auctorem
433 1614 575 1661 quam
636 1598 849 1660 priorum
893 1597 1124 1644 librorum
1191 1596 1358 1643 audire
1405 1595 1610 1643 viderer.

139 1663 286 1712 Nunc
329 1679 446 1710 vero
488 1672 538 1710 et
575 1662 697 1709 illud
738 1671 786 1710 et
813 1662 1109 1710 Hesiodeam
1147 1662 1406 1724 μαχλοσὺνην
1425 1660 1442 1684 ¹³
1481 1661 1611 1707 haud

133 1737 330 1793 gravate
353 1727 470 1784 fero,
498 1728 587 1776 etsi
611 1745 666 1775 ea
691 1728 794 1791 jam
817 1728 867 1774 in
897 1727 1252 1791 Aristophaneo
1283 1738 1334 1774 et
1356 1728 1405 1773 in
1434 1726 1611 1774 urbicis

136 1794 421 1858 quibusdam
447 1793 798 1857 exemplaribus
817 1794 1016 1856 expulsa
1039 1803 1156 1849 erat,
1183 1802 1288 1841 toto
1303 1792 1610 1841 hemistichio

136 1860 206 1907 sic
230 1867 433 1918 mutato,
459 1860 483 1913 ἦ
507 1862 547 1906 οἱ
576 1860 848 1923 κεχαρισμένα
871 1859 953 1923 δῶρ’
982 1859 1148 1922 ὀνόμηνε.
1215 1859 1377 1915 Quam
1403 1866 1535 1906 recte
1561 1866 1611 1905 et

135 1925 372 1988 religiose,
400 1941 497 1972 non
531 1925 751 1972 dixerim.
822 1925 949 1972 Nam
988 1941 1157 1988 parum
1196 1923 1467 1988 probabiles
1490 1933 1611 1987 puto

136 2007 216 2038 eas
235 2006 400 2038 omnes
425 1990 730 2054 conjecturas
756 1998 806 2037 et
829 1990 1007 2046 obelos,
1033 1991 1206 2054 quibus
1244 1998 1461 2038 extrema
1503 1990 1610 2036 llia-

141 2055 228 2102 dos
251 2055 313 2102 ad
336 2056 697 2103 similitudinem
720 2055 997 2103 Homericae
1021 2056 1385 2104 consuetudinis
1409 2072 1494 2119 per
1512 2056 1608 2103 vim

137 2120 372 2184 refingere
409 2121 667 2169 voluerunt
691 2125 722 2167 ⁶.
826 2120 961 2169 Alibi
1017 2122 1188 2185 saepius
1227 2121 1475 2169 obscurior
1535 2131 1609 2169 est

137 2187 377 2233 sententia
401 2186 683 2234 Aristarchi.
754 2187 824 2235 Ut
847 2186 908 2234 π’.
936 2194 1042 2234 613.
1080 2188 1322 2235 incertum
1348 2195 1432 2242 est,
1465 2187 1610 2236 hicne

136 2250 238 2314 ipse
264 2267 426 2299 versus
449 2269 509 2299 an
533 2252 739 2315 proximi
766 2252 877 2309 duo,
906 2253 986 2316 qui
1027 2254 1168 2300 nimis
1207 2253 1455 2313 ταυτολόγοι
1480 2262 1607 2310 sunt,

137 2315 380 2364 abfuerint
402 2318 460 2364 ab
486 2317 635 2365 altera
652 2319 934 2366 recensione
954 2318 1094 2366 illius.
1148 2321 1267 2367 Item
1283 2317 1321 2366 ι’.
1341 2325 1610 2366 684-690,

133 2382 458 2445 (688-694.)
483 2384 761 2447 ambiguum
779 2384 934 2431 videri
951 2392 1128 2448 potest,
1155 2385 1273 2448 quid
1297 2384 1611 2433 Aristarchus

132 2448 314 2510 primus
337 2446 528 2506 fecerit,
552 2449 764 2513 quidque
797 2451 993 2498 omnino
1030 2450 1285 2506 notaverit,
1325 2467 1472 2514 quum
1505 2467 1609 2515 per-

173 2591 193 2612 ι
214 2583 353 2614 Maerob.
370 2583 491 2614 Saturn.
509 2583 549 2613 V.
569 2586 615 2614 16.
638 2582 718 2613 med.
732 2588 763 2613 et
780 2582 872 2614 Auct.
888 2583 972 2614 Vitae
989 2584 1086 2614 Hom.
1108 2583 1147 2614 T.
1163 2584 1204 2615 V.
1219 2584 1296 2615 Em.
1311 2595 1340 2624 p.
1360 2588 1427 2614 148.

173 2625 194 2655 b
217 2625 308 2656 Conf-
323 2626 435 2656 Suidas
450 2633 480 2656 et
498 2626 643 2665 Aponon.
663 2636 726 2656 voc.
751 2626 928 2666 μαχλοσύιη
951 2626 1055 2666 ibique
1072 2626 1191 2657 Villois.
1237 2627 1337 2657 Simul
1360 2637 1397 2657 ex
1423 2629 1481 2657 hac
1507 2637 1540 2658 re
1563 2627 1611 2657 in-

133 2666 550 2740 telligimus-&Aristarchum
567 2669 708 2699 Hesiodo
722 2678 776 2699 seu
791 2669 908 2699 auctori
936 2670 1119 2709 Κατιλὸγω
1144 2669 1323 2701 inferiorem
1347 2680 1440 2711 quam
1469 2671 1613 2700 Homero

131 2715 313 2783 aetiioellilirtiz
327 2721 443 2785 pase-m
458 2754 655 2785 esseclarum
678 2760 723 2785 est
746 2764 784 2784 ex
811 2754 927 2785 Scholl.
946 2754 986 2785 ad
1010 2756 1055 2786 τ’.
1079 2757 1126 2785 ΦΩ
1152 2763 1202 2787 ψ’.
1246 2757 1286 2788 In
1311 2757 1423 2797 quibus
1445 2755 1616 2795 rhapsodiis

133 2795 272 2827 certatim
287 2795 481 2830 elaborarunt
495 2803 618 2835 veteres,
642 2805 677 2829 ut
693 2803 780 2829 notas
794 2797 932 2839 proprias
945 2797 1120 2830 alienorum
1134 2800 1333 2843 ingeniorum
1349 2800 1528 2831 eximerent.
