1856 3235
189 203 278 244 198
666 187 1232 238 PROLEGOMENA.

177 325 338 374 Unica
362 322 556 387 quidem
580 321 686 369 haec
711 328 784 369 est
808 321 869 368 de
892 321 982 368 hac
1019 321 1286 384 quaestione
1312 321 1573 369 auctoritas
1597 322 1668 370 di-

175 398 317 445 serta,
345 389 428 436 sed
454 404 512 436 eo
535 387 743 451 gravior,
770 387 900 450 quod
924 387 1103 450 scripta
1128 395 1201 434 est
1231 386 1460 434 adversus
1486 386 1664 435 doctis-

174 457 348 504 simum
384 455 699 516 interpretem
744 452 963 507 Homeri,
991 461 1041 499 et
1076 468 1222 499 nemo
1260 460 1480 500 veterum
1507 460 1664 501 exstat

175 521 380 569 diversae
404 536 488 567 seu
512 518 766 566 contrariae
789 517 1045 564 sententiae
1071 516 1310 564 defensor.
1384 517 1562 575 Quare,
1588 526 1664 566 ut-

173 602 371 650 cunque
393 585 579 649 reliqua
601 583 719 631 fides
743 582 942 646 Josephi
967 581 1285 639 existimetur,
1305 581 1537 631 locusille
1561 591 1665 630 tan-

174 660 282 700 tum
305 650 499 707 valebit,
527 657 763 713 quantum
798 647 1055 711 perspicua
1078 648 1235 705 ‚verba
1267 647 1443 695 valent.
1512 649 1665 697 Deni-

174 734 271 782 que
294 717 498 765 accessit
533 716 577 762 ei
600 730 756 778 nuper
781 713 1073 761 Scholiastes
1097 712 1293 775 quidam
1313 728 1345 768 ²,
1372 712 1563 776 adjutor
1580 715 1666 762 mi-

173 783 307 831 nime
331 782 508 845 dignus
546 779 628 827 ille
652 779 916 835 mentione,
943 778 1034 825 nisi
1076 777 1402 825 narrationem
1429 794 1562 826 suam
1604 797 1665 828 ex

172 849 348 897 iisdem
375 845 720 895 Alexandrinis
745 844 957 908 reliquiis
982 843 1284 908 sublegisset,
1310 843 1529 891 vitiatam
1553 861 1668 893 mox

171 913 363 964 fabellis
388 913 617 960 seriorum
648 910 1105 958 Grammaticorum.
1176 909 1254 956 Ex
1287 909 1503 972 Josepho
1538 911 1668 958 enim

172 979 283 1028 :illos
320 996 425 1027 eam
462 994 562 1025 non
603 977 859 1040 sumpsisse
893 974 1205 1023 manifestum
1247 982 1335 1023 est.
1423 975 1669 1024 Caeterum

175 1051 411 1109 quantum
447 1042 760 1091 tribuendum
801 1042 863 1088 sit
885 1041 969 1089 tali
1001 1040 1194 1105 judicio
1216 1048 1453 1097 veterum,
1492 1058 1582 1105 pro
1619 1058 1670 1090 se

177 1111 379 1174 quisque
406 1109 674 1172 expendat:
712 1107 829 1154 mihi
854 1107 943 1154 etsi
976 1107 1310 1169 gravissimum
1345 1106 1542 1154 videtur
1564 1124 1669 1172 par-

175 1177 266 1224 tim
285 1192 371 1239 per
396 1192 460 1230 se,
478 1173 652 1237 partim
673 1173 786 1235 quia
808 1171 900 1218 illis
918 1171 1057 1235 plura
1075 1171 1355 1219 Homericae
1372 1172 1504 1219 aetati
1527 1189 1670 1235 prox-

175 1242 275 1289 ima
300 1240 527 1288 Carmina
550 1239 601 1284 in
623 1238 844 1285 manibus
869 1245 1020 1292 erant,
1047 1237 1099 1283 in
1129 1237 1222 1284 hac
1257 1237 1527 1299 quaestione
1549 1253 1670 1300 prae-

170 1306 347 1371 judicii
370 1305 535 1369 potius
560 1320 701 1367 quam
730 1303 906 1367 judicii
930 1302 1040 1350 loco
1066 1309 1186 1350 esto.
1258 1302 1503 1358 Quoniam
1540 1298 1673 1350 enim*

176 1373 306 1436 ipsos
331 1387 496 1419 versus
518 1370 768 1425 habemus,
793 1369 844 1415 in
869 1368 1041 1431 quibus
1063 1376 1200 1415 vates
1220 1367 1280 1415 de
1297 1368 1550 1431 scriptoria
1568 1376 1671 1416 arte

179 1445 265 1486 aut
289 1437 427 1484 silere
452 1443 535 1483 aut
558 1435 726 1483 testari
744 1441 958 1498 putatur,
975 1442 1140 1482 utrum
1159 1449 1327 1481 verum
1346 1434 1422 1491 sit,
1444 1450 1505 1482 ex
1526 1434 1671 1482 certis

179 1501 532 1568 interpretandi
554 1501 744 1565 legibus
769 1499 1037 1564 dijudicare
1061 1495 1281 1547 nostrum
1307 1506 1392 1547 est.

852 1698 998 1747 XIX.

247 1835 320 1883 At
344 1839 611 1883 occurrunt
633 1832 771 1879 nobis
795 1829 1034 1888 nonnulli,
1075 1829 1296 1895 opposita
1318 1829 1521 1894 ancipiti
1544 1829 1591 1878 vi
1616 1828 1674 1877 si-

178 1901 318 1949 lentii
342 1901 392 1947 in
417 1900 511 1947 hoc
535 1898 768 1946 historico
791 1913 989 1962 genere.
1065 1896 1121 1943 In
1145 1913 1242 1960 quo
1264 1896 1343 1943 isti
1362 1912 1475 1943 sane
1501 1895 1674 1943 dicunt

179 1966 377 2030 aliquid,
404 1966 489 2013 sed
511 1981 611 2012 non
634 1972 842 2021 tantum,
871 1970 1105 2027 quantum
1131 1963 1219 2010 sibi
1238 1962 1468 2010 videntur
1492 1961 1674 2009 dicere.

179 2032 269 2080 Est
287 2031 417 2079 haud
442 2031 588 2078 dubie
612 2030 857 2078 silentium
883 2028 1129 2092 quoddam
1152 2027 1331 2075 nullius
1365 2026 1601 2074 momenti
1625 2033 1676 2074 et

179 2098 231 2145 in
254 2105 475 2146 neutram
500 2103 687 2160 partem
723 2095 1041 2154 trahendum3
1080 2102 1250 2142 contra
1273 2093 1406 2141 aliud
1441 2100 1514 2140 est
1537 2108 1675 2155 argu-

179 2171 285 2211 tum
311 2171 375 2220 et,
401 2170 456 2210 ut
478 2162 548 2210 ita
571 2162 746 2219 dicam,
789 2160 974 2218 vocale,
1013 2160 1145 2224 quod
1169 2160 1208 2207 si
1231 2175 1331 2207 non
1367 2166 1676 2223 expugnatur

179 2298 363 2335 consideres,
388 2309 458 2339 quae
472 2297 559 2329 addit
571 2297 596 2338 z)
614 2297 710 2328 Ὅπου
725 2310 760 2337 γε
775 2298 826 2328 »αὶ
843 2296 911 2340 περὶ
928 2296 983 2327 τόν
998 2297 1043 2327 ἐπὶ
1070 2296 1167 2338 Τροΐαν
1183 2295 1324 2329 corrosit-015
1348 2294 1424 2326 ’ἔτεσι
1439 2292 1674 2335 στρατευσάντων

179 2344 293 2384 ὕστερον
309 2343 409 2375 πολλὴ
426 2342 540 2381 ’γέγονεν
554 2341 662 2381 ἀπορία
678 2353 710 2370 τε
726 2340 777 2370 καὶ
792 2340 917 2380 ζήτησις.
935 2340 959 2370 εἶ
973 2340 1145 2381 ’γράμμασιν
1160 2339 1295 2381 {zedim-o·
1311 2338 1363 2369 καὶ
1378 2338 1511 2371 τάληθὲς
1528 2337 1679 2379 iuungam?

180 2387 299 2424 μᾶλλον
315 2387 376 2428 περὶ
393 2386 444 2415 τοῦ
459 2386 509 2418 τὴν
526 2385 567 2414 νῦν
582 2382 666 2414 οὖσαν
682 2383 737 2413 τῶν
753 2383 940 2426 ’γραμμάτων
956 2384 1058 2424 χρῆσιν
1075 2383 1187 2416 ἐκείνους
1205 2384 1323 2422 ἀγνοεῖν.
1360 2380 1458 2414 ’Ὀλως
1474 2380 1500 2410 δὲ
1516 2379 1598 2421 παρὰ
1615 2380 1673 2412 τοῖς

174 2428 320 2461 ’Ἓλλησιν
333 2427 404 2459 οὐδὲν
420 2426 639 2466 ὁμολογούμενον
656 2426 814 2469 ebelstamum
832 2426 961 2468 γράμμα
978 2426 1029 2459 τῆς
1053 2425 1173 2467 Ὁμήρου
1188 2425 1319 2458 ποιήσεως
1343 2423 1536 2465 πρεςβύτερον.
1580 2420 1673 2454 Οὗτος

180 2469 207 2502 δὲ
223 2473 273 2502 καὶ
291 2472 346 2501 enZv
362 2472 490 2513 Τρωΐκῶν
506 2470 617 2511 ὕστερον
634 2470 765 2509 φαίνεται
782 2470 935 2508 νγενὸμενος.
968 2468 1026 2498 Καί
1036 2476 1118 2508 φασιν
1129 2467 1186 2499 οὐδὲ
1199 2468 1297 2498 τοῦτον
1313 2468 1337 2497 ἐν
1352 2468 1508 2509 γράμμασι
1523 2465 1575 2497 τὴν
1586 2464 1676 2494 αὑτοῦ

181 2516 291 2548 ποίησιν
311 2516 498 2548 καταλιπεῖν,
521 2514 608 2544 ἀλλὰ
630 2511 909 2551 διαμνημονευομένην
936 2512 967 2542 ἐκ
983 2511 1038 2541 (νῦν
1064 2512 1206 2550 δωμάτων
1233 2510 1344 2553 ilco-2327
1361 2509 1537 2543 συντεθῆναι,
1563 2508 1615 2538 καὶ
1629 2505 1675 2536 διὰ

181 2557 266 2587 τοῦτο
282 2557 399 2590 πολλὰς
417 2558 440 2587 ἒν
456 2557 533 2598 αὐτῇ
547 2558 630 2595 σχεῖν
645 2556 699 2589 τὰς
725 2554 886 2593 διαφωνίας.
930 2553 1088 2584 Tirenum
1113 2553 1214 2595 gratia
1236 2562 1310 2584 cum
1327 2551 1474 2583 Meriano
1499 2549 1675 2580 notandum

180 2605 236 2635 est,
254 2599 333 2630 illud
348 2601 432 2639 φασὶν
447 2599 486 2629 de
500 2599 593 2628 rebus
608 2598 656 2628 vel
671 2597 851 2628 certissimis
865 2597 1009 2636 usurpari
1032 2596 1165 2637 insama
1181 2598 1308 2627 minime
1330 2596 1465 2629 obscura,
1494 2603 1558 2623 non
1573 2592 1612 2623 de
1628 2592 1675 2628 iis,

179 2653 251 2683 quae
267 2653 285 2672 a
300 2642 462 2672 nonnullis
476 2642 539 2671 sive
554 2641 662 2680 paucis
677 2640 852 2671 traduntur.
897 2640 948 2670 De
963 2640 1012 2670 his
1029 2640 1140 2670 Graece
1156 2645 1202 2670 est
1218 2639 1302 2679 φασὶν
1316 2637 1384 2673 ἐ’νιοι,
1401 2639 1472 2677 φασί
1485 2649 1563 2670 τινες.
1607 2635 1672 2666 En-

180 2686 253 2716 dem
269 2685 349 2716 ratio
363 2691 410 2715 est
430 2685 499 2715 Lat.
514 2686 680 2714 verborum
696 2686 812 2719 dicunt,
829 2683 950 2725 fierunt,
973 2685 1111 2719 tradunt,
1132 2683 1299 2723 perhibent.
1344 2680 1457 2720 Neque
1484 2689 1556 2710 vero
1571 2688 1627 2718 per
1643 2687 1677 2707 se

180 2730 239 2759 hoc
254 2727 392 2759 multum
417 2727 546 2767 proficit.
591 2727 698 2763 Quam
713 2726 814 2757 multa
840 2727 982 2766 perhibet
995 2726 1088 2762 fama,
1115 2735 1250 2767 quorum
1275 2723 1443 2754 falsitatem
1468 2722 1548 2753 ratio
1570 2727 1601 2751 et
1615 2727 1678 2751 tres

180 2777 272 2802 testes
283 2771 430 2802 doceant!

222 2825 241 2844 a
261 2814 315 2845 Ad
330 2814 461 2854 DionyS.
477 2812 608 2844 Thracis
622 2813 764 2844 Gramm.
783 2822 831 2852 ap.
847 2811 973 2843 Villois.
990 2810 1113 2842 Anecd.
1133 2811 1189 2842 Gr.
1207 2810 1245 2841 T.
1264 2809 1312 2840 ΙΙ.
1328 2819 1358 2848 p.
1378 2811 1446 2839 182.
1485 2807 1538 2839 *Ην
1555 2808 1622 2850 γὰς,
1639 2806 1677 2840 a‘a'e

180 2865 270 2897 φασιν,
287 2859 455 2898 ἀπολόμενοι
472 2857 512 2888 τὰ
527 2857 579 2888 τοῦ
591 2856 722 2899 Ὀμήρου·
739 2856 805 2888 ‘nien
821 2857 880 2899 γὰρ
896 2857 926 2887 οὗ
941 2857 1042 2898 γραφῇ
1053 2853 1239 2897 παρεδίδοντο,
1257 2853 1345 2885 ἀλλὰ
1358 2853 1428 2895 μὸνῃ
1440 2850 1627 2891 διδασκαλίᾳ,
1640 2850 1676 2883 ὦς

185 2900 220 2931 ὀὲν
233 2901 348 2942 μνήμονι
364 2902 560 2942 φυλάττοιντο
575 2913 603 2932 κ.
616 2914 645 2931 τ.
661 2907 692 2931 λ-
