1856 3235
586 235 1145 286 PROLEGOMENA.
1529 241 1622 288 227

800 366 953 414 XXX

209 502 280 550 At
313 500 432 548 licet
459 505 680 546 veterum
715 497 935 562 plerique
959 496 1216 545 artificium
1267 502 1525 544 structurae
1566 505 1618 544 et

139 564 496 631 compositionis
542 564 824 612 Carminum
874 562 1252 610 Homericorum
1295 561 1374 609 vel
1409 563 1617 609 assecuti

139 649 237 681 non
270 632 380 687 sint,
416 629 494 678 vel
526 630 685 677 minus
724 638 968 685 accurate,
1006 644 1150 693 quam
1196 626 1344 674 hodie
1389 627 1617 685 solemus,

136 696 470 751 existimarint,
509 703 673 743 tamen
697 696 814 759 quin
851 695 966 742 insit
1000 694 1051 740 in
1073 694 1131 740 iis
1167 692 1379 756 aliquod,
1406 691 1617 739 dubitari

137 761 273 811 nullo
293 769 440 825 pacto
470 769 644 824 potest.
713 761 794 808 Sin
820 768 984 808 autem
1026 759 1316 813 dubitamus,
1346 757 1617 805 Homerine

133 827 184 875 id
222 827 298 883 sit,
338 843 399 875 an
424 829 482 875 ab
508 826 611 874 aliis
650 826 877 889 ingeniis,
918 826 1156 873 invitante
1193 824 1299 888 ipso
1323 832 1615 887 argumento

135 909 300 941 eorum
344 900 394 940 et
430 893 600 941 ordine
636 890 829 947 fabulae,
872 891 1127 946 adscitum,
1154 891 1373 953 quaestio
1397 889 1502 936 haec
1544 897 1618 936 est

134 957 391 1021 ejusmodi,
413 958 464 1006 in
489 974 584 1022 qua
607 973 721 1014 non,
760 957 880 1021 quid
902 956 1108 1020 poeticis
1131 955 1321 1019 legibus
1362 962 1615 1002 consenta-

131 1039 279 1071 neum
303 1031 387 1072 aut
409 1027 571 1088 po'etae
586 1023 909 1071 honorificum
933 1030 1174 1086 putemus,
1193 1020 1513 1085 spectandum
1539 1020 1616 1076 sit,

134 1089 221 1137 sed
244 1089 361 1153 quid
384 1107 445 1138 ex
478 1089 719 1138 historicis
756 1096 807 1136 et
831 1089 1014 1137 criticis
1055 1088 1320 1136 rationibus
1359 1085 1618 1134 verisimile

131 1171 234 1203 esse
257 1155 496 1204 videatur.
567 1155 725 1203 Etiam
764 1155 890 1202 hanc
914 1154 1231 1218 quaestionem
1255 1169 1385 1216 pono
1408 1159 1615 1207 tantum,

131 1236 231 1268 non
254 1229 522 1284 pertracto:
561 1227 634 1268 est
674 1220 803 1268 enim
843 1221 1091 1268 immensae
1129 1219 1360 1274 materiae,
1403 1234 1496 1265 nec
1538 1233 1619 1264 ne-

138 1286 345 1334 cessaria
357 1288 607 1351 proposito
630 1294 812 1334 nostro.
883 1286 1085 1333 Interim
1107 1285 1217 1332 duae
1242 1301 1317 1331 res
1346 1284 1427 1331 hic
1450 1283 1620 1347 paucis

133 1352 435 1416 attingendae
459 1360 586 1408 sunt,
635 1369 743 1415 quae
768 1351 845 1399 vel
869 1352 985 1399 solae
1009 1351 1334 1414 suspicionem
1371 1349 1619 1412 compagis

133 1418 355 1466 manibus
394 1417 561 1466 alienis
596 1417 742 1465 factae
778 1418 830 1464 in
869 1425 1078 1481 utroque
1142 1416 1369 1464 Carmine
1408 1431 1620 1462 commo-

134 1490 294 1530 veant.

198 1548 418 1596 Alterius
453 1548 647 1613 generis
666 1555 780 1596 sunt
817 1548 1090 1596 eminentes
1131 1547 1317 1610 aliquot
1357 1553 1406 1594 et
1428 1545 1620 1594 hiantes

134 1614 475 1671 commissurae,
519 1631 636 1678 quas
674 1630 763 1677 per
798 1614 931 1663 vices
970 1613 1230 1677 saepissime
1271 1611 1494 1675 repetitae
1523 1612 1621 1659 lec-

134 1679 279 1726 tionis
323 1680 537 1743 reperire
577 1679 694 1726 mihi
732 1679 860 1727 visus
896 1696 1018 1735 sum,
1058 1687 1108 1726 et
1144 1678 1338 1725 easdem
1374 1685 1425 1725 et
1447 1677 1622 1725 iisdem

133 1745 184 1792 in
207 1744 342 1802 locis,
368 1745 506 1804 tales,
547 1752 603 1792 ut
627 1761 706 1793 eas
739 1762 838 1792 non
865 1761 979 1792 cum
1019 1744 1176 1808 primo
1211 1760 1358 1807 opere
1381 1742 1512 1791 fusas
1536 1742 1625 1791 sed

132 1811 480 1874 posterioribus
528 1811 658 1859 curis
702 1810 860 1858 illatas
907 1827 1024 1866 esse,
1073 1810 1156 1858 ubi
1181 1826 1280 1857 uno
1336 1817 1421 1857 aut
1465 1808 1621 1857 altero

135 1876 360 1940 exemplo
384 1877 799 1935 demonstravero,
823 1876 1042 1940 quemvis
1067 1875 1229 1924 statim
1256 1891 1618 1929 concessurum.

134 1959 220 1991 seu
238 1942 399 2006 potius
422 1943 580 2006 ipsum
604 1942 748 2006 plane
773 1958 1028 1990 sensurum
1052 1942 1270 1989 arbitrer.
1359 1941 1472 1997 Qua
1494 1941 1545 1987 in
1569 1957 1624 1989 re

135 2008 175 2054 si
193 2024 280 2072 per
302 2016 379 2056 tot
402 2008 581 2056 saecula
602 2024 750 2056 nemo
785 2007 989 2056 offendit
1012 2007 1448 2055 eruditissimorum
1471 2005 1623 2053 lecto-

135 2090 258 2130 rum,
285 2090 433 2137 quum
458 2074 704 2122 neminem
720 2073 954 2122 mediocri
979 2072 1193 2121 sollertia
1216 2074 1267 2120 in
1292 2089 1349 2120 ea
1372 2071 1621 2120 offendere

135 2154 234 2186 non
257 2155 397 2203 posse
430 2148 614 2203 put-em,
657 2139 764 2188 haec
804 2139 1008 2187 fortasse
1048 2155 1147 2186 una
1171 2155 1316 2187 causa
1353 2137 1466 2195 fuit,
1490 2137 1623 2201 quod

135 2212 371 2268 perpetua
406 2206 550 2254 series
576 2206 873 2262 Carminum,
916 2213 1021 2253 tum
1061 2204 1317 2269 praeconiis
1356 2203 1624 2251 multorum

137 2270 428 2335 scriptorum
451 2279 557 2319 tum
576 2288 661 2319 sua
679 2271 839 2335 specie
858 2270 1046 2327 fallens,
1065 2270 1167 2334 ejus
1183 2270 1252 2319 rei
1269 2269 1623 2334 cogitationem

134 2335 284 2400 longe
307 2337 578 2394 amovebat,
618 2345 669 2385 et
691 2338 803 2401 quia
826 2353 994 2386 omnes
1025 2353 1176 2401 prope
1200 2345 1374 2384 natura
1404 2335 1474 2383 sic
1493 2352 1624 2383 com-

134 2402 290 2465 parati
313 2418 493 2459 sumus,
532 2410 588 2451 ut
631 2403 865 2451 dissoluta
903 2402 1203 2468 conjungere
1227 2402 1458 2451 libentius
1480 2417 1624 2465 quam

130 2468 305 2531 juncta
319 2468 580 2516 dissolvere
604 2469 898 2517 studeamus.

204 2533 317 2591 Quo
358 2542 576 2598 tempore
602 2535 753 2598 igitur
787 2535 894 2583 haec
929 2535 1140 2599 primum
1175 2550 1287 2582 cum
1324 2533 1494 2582 amicis
1520 2533 1621 2596 qui-

137 2599 340 2647 busdam
367 2600 803 2656 communicabam,
829 2601 981 2664 probe
1027 2599 1243 2655 memini,
1276 2607 1513 2663 quantum
1554 2598 1622 2643 illi

139 2663 413 2714 diffiderent
447 2666 804 2730 suspicionibus
827 2666 965 2725 meis,
999 2673 1170 2729 totque
1195 2664 1482 2713 saeculorum
1506 2679 1624 2727 prae-

137 2804 188 2841 ait,
211 2808 374 2839 admodum
399 2809 518 2844 levium,
542 2819 597 2848 per
620 2819 691 2849 quae
715 2809 823 2839 Attius
848 2808 984 2839 ostendit
1006 2808 1185 2839 Hesiodum
1212 2808 1358 2838 Homero
1380 2812 1456 2836 natu
1481 2805 1625 2844 priorem.

139 2850 226 2883 Quod
243 2852 405 2886 Homerus,
423 2851 531 2893 inquit,
547 2863 641 2892 quum
657 2854 691 2882 in
703 2854 857 2891 principio
876 2854 1030 2883 Carminis
1046 2853 1194 2882 Achillem
1211 2862 1271 2881 csse
1279 2852 1387 2892 filium
1409 2850 1491 2879 Pelei
1502 2851 1625 2883 (liceret,

137 2894 207 2931 quis
220 2900 292 2924 esset
309 2896 427 2929 Peleus,
448 2906 509 2927 non
525 2897 667 2926 addidit:
691 2906 784 2935 quam
799 2906 862 2925 rem
886 2897 993 2935 procul
1009 2897 1098 2925 dubio
1115 2897 1246 2928 dixisset,
1270 2895 1334 2923 nm·
1349 2894 1386 2922 ab
1405 2893 1537 2923 Hesiodo
1553 2891 1626 2932 jam

136 2935 253 2968 dictum
266 2938 379 2968 videret
395 2943 452 2970 etc.
497 2938 579 2969 Haec
592 2937 752 2980 quomodo
767 2937 842 2969 illuc
856 2938 1040 2978 pertineant,
1055 2937 1270 2978 unusquisque
1284 2935 1376 2966 videt.
