1856 3235
211 223 272 267 27
280 220 308 262 6
672 210 1232 259 PROLEGOMENA.

216 354 289 393 tas
312 343 516 391 absolvit
542 341 852 391 Aristarchus
868 347 900 398 ³,
927 342 1106 405 majore
1143 341 1394 404 diligentia.
1428 342 1608 405 primus
1632 343 1703 390 in-

216 410 426 474 quisivit,
467 408 584 471 quid
622 409 891 472 genuinum
929 417 1011 454 aut
1045 408 1261 470 spurium
1297 416 1423 454 esset
1457 408 1508 453 in
1533 425 1700 456 monu-

215 476 392 524 mentis
416 475 629 538 priorum
653 484 927 537 temporum
946 475 990 530 b3
1028 474 1208 535 primus
1244 473 1374 520 idem
1411 472 1702 521 Grammati-

217 558 307 589 cen
330 541 511 604 linguae
536 540 738 595 Graecae,
767 539 974 585 maxime
999 537 1267 600 analogiam
1294 547 1343 585 et
1366 538 1575 601 reliquas
1599 555 1703 601 par-

217 615 305 663 tes,
348 622 456 670 quae
497 605 715 654 discretis
754 620 884 650 nunc
925 602 1300 665 professionibus
1338 621 1365 650 a
1406 603 1703 667 philosophis

215 681 501 727 tractantur,
529 671 718 719 acutius
743 670 942 715 rimatus
967 676 1040 715 est
1058 678 1090 723 ⁶,
1117 668 1342 731 varieque
1362 685 1555 716 omnem
1576 669 1703 716 hanc

216 746 366 786 artem
408 737 654 791 instruxit,
680 737 879 782 inventa
913 735 1058 781 etiam
1099 733 1350 780 notatione
1393 743 1701 790 accentuum,

217 811 267 852 et
287 802 701 866 interpunctione,
729 817 878 864 quum
903 799 964 846 ad
987 799 1037 845 id
1062 808 1252 862 tempus
1271 798 1470 846 inflexio
1490 809 1540 846 et
1557 816 1703 847 sonus

214 870 348 917 vocis
374 869 507 915 nullo
534 884 624 914 usu
662 868 910 930 signorum
952 874 1217 928 regeretur,
1260 881 1484 927 unusque
1520 881 1576 912 ac
1599 881 1706 928 per-

213 944 390 1000 petuus
434 934 610 981 ductus
644 932 893 979 literarum
928 930 1190 978 lectionem
1216 930 1357 978 valde
1397 930 1654 993 impediret
1669 929 1703 977 d.

216 1001 375 1057 Quam
400 1008 597 1063 propter
635 1014 781 1046 unam
805 1014 908 1045 rem
951 996 1290 1059 Aristophanis
1315 1012 1494 1042 nomen
1534 1011 1704 1059 perpe-

211 1076 298 1115 tua
321 1066 553 1113 memoria
576 1064 777 1127 dignum
812 1062 1086 1110 habendum
1116 1069 1255 1117 esset,
1293 1061 1386 1108 nisi
1421 1061 1704 1108 memoriam

212 1132 381 1180 talium
430 1130 711 1193 quotidiana
759 1127 1062 1175 consuetudo
1105 1127 1453 1189 exstingueret.
1526 1126 1706 1173 Praeter

212 1198 318 1244 haec
342 1197 393 1242 in
416 1195 594 1242 multos
631 1203 681 1241 et
703 1194 1008 1258 gravissimos
1049 1192 1307 1254 scriptores
1350 1200 1706 1239 commentatus

214 1270 301 1318 est,
328 1261 671 1323 recensuitque
697 1276 752 1307 ac
778 1258 1014 1322 disposuit
1033 1274 1199 1305 eorum
1220 1273 1379 1320 opera,
1401 1264 1457 1303 ut
1484 1255 1705 1314 Hesiodi,

213 1328 389 1383 Alcaei,
418 1326 627 1382 Pindari,
658 1325 870 1371 Platonis
886 1328 919 1370 ⁶.
989 1323 1297 1386 Praecipuum
1331 1338 1449 1369 vero
1491 1322 1707 1370 studium

211 1393 453 1457 impendit
471 1393 521 1438 in
547 1391 766 1439 scenicos
789 1394 973 1453 poetas,
1000 1389 1209 1436 maxime
1234 1387 1284 1434 in
1311 1387 1567 1436 Comicum
1592 1405 1707 1451 cog-

212 1460 461 1507 nominem
485 1474 640 1512 suum,
668 1473 827 1519 neque
853 1455 937 1513 sic,
961 1463 1017 1501 ut
1041 1455 1091 1501 in
1117 1453 1332 1501 obscuris
1366 1470 1451 1501 seu
1475 1453 1706 1517 eleganti-

211 1527 301 1574 bus
329 1524 576 1572 vocabulis
601 1523 822 1577 haereret,
850 1521 936 1568 sed
959 1529 1015 1567 ut
1049 1520 1323 1567 universam
1358 1519 1456 1566 vim
1480 1527 1530 1566 et
1553 1528 1706 1567 artem

214 1600 263 1639 et
287 1600 507 1653 tempora
530 1588 803 1635 fabularum
825 1595 1093 1650 exponeret
1111 1587 1142 1631 f.

281 1656 555 1703 Homerum
579 1662 742 1701 autem
778 1652 1025 1716 quomodo
1066 1650 1362 1706 tractaverit,
1391 1657 1440 1697 et
1474 1666 1706 1713 quasnam

212 1723 424 1770 rationes
466 1720 568 1784 ejus
595 1718 889 1767 emendandi
927 1717 988 1764 sit
1012 1724 1223 1772 secutus,
1264 1732 1401 1779 aeque
1443 1716 1705 1763 obscurum

211 1796 304 1845 est,
329 1803 473 1851 quam
498 1794 601 1833 erat
622 1785 674 1831 in
699 1784 968 1831 Zenodoto.
1040 1783 1167 1830 Nam
1204 1781 1293 1829 etsi
1318 1781 1539 1828 recensio
1571 1780 1706 1829 Aris-

257 1931 277 1951 a
300 1921 352 1952 Ita
367 1921 551 1959 interpretor
568 1918 719 1955 Quinctil.
735 1918 777 1947 X.
795 1921 821 1947 1.
835 1920 887 1948 54.
918 1920 968 1948 59.
1013 1916 1065 1946 De
1076 1926 1118 1951 re,
1144 1925 1238 1955 quam
1255 1914 1350 1945 modo
1370 1915 1460 1955 attigi
1483 1925 1511 1954 p.
1538 1918 1610 1946 262.
1635 1926 1667 1946 n.
1682 1917 1711 1946 b.

213 1964 444 1994 accuratissime
460 1963 672 2002 disputantem
691 1960 920 1991 Ruhnkenium
935 1959 1005 1990 vide
1021 1959 1054 1988 in
1072 1959 1155 1988 Hist.
1171 1958 1269 1988 Oratt.
1289 1957 1344 1987 Gr.
1360 1965 1436 1987 extr.

256 2009 276 2037 b
301 2007 382 2037 Vide
396 2006 545 2042 Quinctil.
564 2006 591 2035 Ι.
611 2009 635 2035 1.
656 2008 704 2035 15-
723 2011 754 2033 et
768 2009 826 2033 vet.
844 2002 991 2033 Scholion
1010 2000 1182 2032 Hesiodioo
1199 2002 1296 2031 Scuto
1309 2001 1349 2030 ab
1365 2000 1451 2031 Aldo
1465 2006 1497 2030 et
1514 2000 1617 2040 Steph.
1632 2002 1704 2032 sub·

209 2049 339 2090 jectum,
356 2050 388 2080 in
404 2059 467 2090 quo
485 2050 676 2087 Fragmento
686 2048 870 2077 auctoritate
889 2045 1109 2084 Aristophanis
1124 2044 1293 2078 dubitatur,
1309 2054 1350 2073 an
1367 2043 1501 2074 Hesiodi
1523 2043 1555 2073 id
1573 2044 1709 2076 Carmen

211 2093 315 2124 fuerit.
362 2093 443 2128 Quae
459 2092 594 2130 suspicio
608 2090 693 2120 haud
705 2090 800 2120 dubie
814 2089 853 2119 ad
869 2095 948 2118 totos
963 2088 1156 2127 Καταλόγους
1174 2087 1334 2125 pertinuit.
1377 2087 1429 2117 De
1442 2087 1589 2117 extremis
1605 2087 1707 2128 Odys.

213 2146 274 2166 seae
289 2138 328 2166 ab
344 2136 455 2166 eodem
473 2135 590 2165 Critico
601 2135 633 2164 in
651 2133 782 2163 dubium
799 2133 950 2162 revocatis
963 2131 1026 2160 dixi
1044 2141 1137 2169 supra
1151 2140 1180 2168 p.
1193 2133 1265 2160 250.
1284 2132 1354 2159 251.

257 2189 274 2209 c
299 2179 442 2209 Studiose
457 2178 574 2217 legerat
587 2177 642 2207 illa
660 2177 769 2209 Varro,
785 2175 825 2206 de
840 2176 876 2205 L.
888 2176 923 2205 L.
939 2175 1083 2204 scribens·
1096 2173 1179 2202 Vide
1196 2173 1257 2202 IV.
1269 2172 1340 2202 edit.
1354 2172 1479 2211 Bipont.
1494 2182 1523 2211 p.
1539 2175 1590 2203 51.
1603 2172 1708 2205 VIII.

213 2233 242 2262 p.
262 2225 331 2253 1529.
351 2222 407 2252 lx.
426 2232 455 2261 p.
475 2224 543 2252 177.
589 2221 733 2255 Quorum
757 2218 895 2248 locorum
919 2218 1017 2247 altero
1031 2215 1233 2246 confirmatur
1248 2215 1288 2250 id,
1313 2215 1397 2255 quod
1418 2215 1525 2254 paullo
1547 2221 1620 2246 ante
1640 2227 1708 2248 sus-

214 2265 336 2304 picatus
351 2275 420 2294 sum
437 2265 476 2294 de
492 2262 719 2294 consuetudine
735 2261 886 2291 sermonis
901 2261 1022 2291 veritati
1038 2259 1191 2299 analogiae
1206 2258 1378 2297 posthabita
1393 2268 1412 2288 a
1429 2258 1659 2289 Grammaticis.

256 2307 278 2338 d
304 2307 385 2338 Vide
409 2308 526 2338 Fosteri
545 2308 642 2346 Essay
668 2316 708 2335 on
729 2309 850 2335 Accent
864 2303 927 2334 and
955 2302 1107 2341 Quantity
1130 2313 1159 2341 p.
1189 2305 1257 2331 182.
1274 2312 1338 2342 sqq.
1356 2307 1388 2331 et
1413 2311 1474 2336 eos,
1501 2311 1580 2341 quos
1600 2301 1708 2333 laudat

215 2350 338 2381 Villois.
357 2351 389 2380 in
410 2349 554 2389 Append.
569 2349 608 2379 ad
626 2348 736 2387 Epistt.
763 2348 885 2377 Vinarr.
902 2357 955 2376 seu
973 2346 1076 2384 potius
1091 2344 1146 2375 diu
1167 2344 1378 2375 desideratum
1403 2344 1552 2383 scriptum
1582 2345 1710 2376 Arcadii

214 2393 408 2425 Antiocheui
426 2395 487 2435 mg)
504 2395 553 2426 τὸῑς
572 2393 626 2423 τῶν
642 2392 724 2422 etium
741 2391 864 2431 εὑρέσεως
882 2397 938 2420 etc.
962 2388 1077 2419 ibidem
1093 2389 1133 2418 ab
1149 2387 1202 2418 illo
1218 2387 1320 2426 primo
1343 2387 1473 2418 editum.
1517 2387 1568 2417 Ex
1583 2397 1619 2418 ea
1633 2388 1709 2419 doc-

214 2436 298 2467 trina
318 2436 536 2475 Aristophanis
552 2436 663 2474 passim
681 2434 798 2474 aliquid
815 2434 853 2463 de
869 2433 990 2463 ratione
1004 2438 1193 2462 accentuum
1207 2431 1343 2461 afferunt
1360 2429 1573 2466 Grammatici,
1590 2431 1710 2469 primus

213 2480 359 2510 omnium
388 2479 524 2517 iffiollon.
546 2478 635 2508 Alex.
654 2478 714 2507 lv.
730 2488 757 2515 p.
776 2480 848 2507 504.

258 2533 276 2553 e
302 2523 379 2552 Vide
409 2522 500 2552 Schol
535 2522 574 2552 ad
600 2520 729 2551 Hesiod.
754 2526 792 2550 Θ.
815 2523 865 2550 68.
883 2519 1045 2557 Hephaest.
1063 2517 1192 2548 Euchir.
1208 2527 1236 2555 p.
1251 2520 1301 2548 74.
1333 2516 1429 2556 Diog.
1445 2515 1546 2546 La'e'rt.
1565 2513 1636 2545 111.
1659 2517 1710 2545 61.

215 2565 308 2598 Pind.
335 2567 440 2595 Vitam
466 2576 483 2594 a
499 2565 557 2594 Th.
579 2564 733 2604 Magistro
755 2563 926 2597 collectam,
951 2563 1005 2592 ubi
1027 2561 1169 2601 legimus,
1192 2561 1323 2602 ”Agunt
1338 2561 1388 2598 μὲν
1403 2559 1474 2600 ὕδωρ
1499 2558 1712 2601 προτετάχθαι

216 2610 272 2640 faa-b
285 2610 498 2651 Ἀριστοφάνους
516 2610 566 2638 τοῦ
580 2608 769 2645 συν-ταξαντος
787 2607 826 2636 τὰ
846 2604 1013 2646 Πινδαρικὰ,
1039 2603 1085 2634 διὰ
1102 2606 1135 2634 τὸ
1150 2603 1289 2645 περιέχειν
1312 2603 1362 2632 «rofi
1376 2602 1484 2641 ἀγῦιος
1507 2601 1648 2640 ἐγκώμιον
1660 2601 1711 2630 καὶ

216 2654 257 2683 τὰ
273 2655 335 2695 περὶ
352 2653 402 2682 τοῦ
419 2654 561 2686 Πέλοπος,
585 2652 609 2683 ὃς
636 2651 742 2692 ‘'rec-7⁷03
764 2651 787 2679 ἒν
804 2647 900 2679 ’Ἤλιδι
924 2650 1096 2688 ἦγωνίσαφο.
1141 2646 1272 2680 Similia,
1296 2652 1380 2684 puto,
1403 2651 1435 2674 et
1456 2644 1575 2684 majoea
1596 2644 1712 2674 horum

217 2695 406 2726 Criticorum
425 2697 533 2725 merita
548 2694 696 2724 sciremus
713 2692 743 2722 in
762 2692 898 2731 Lyricos‚
915 2691 1086 2730 praesertim
1109 2690 1140 2719 in
1158 2689 1286 2719 metrica
1306 2687 1456 2722 doctrina,
1479 2687 1541 2717 nisi
1555 2687 1649 2717 ruina
1663 2686 1711 2717 in-

214 2749 294 2779 gens
310 2739 359 2768 hic
375 2738 492 2777 optima
509 2747 639 2777 quaeque
654 2746 747 2774 opera
761 2736 988 2772 absumpsisset.

259 2782 275 2812 f
297 2781 359 2812 Res
374 2786 500 2819 apparet
510 2790 547 2810 ex
566 2779 751 2809 Summariis
767 2778 813 2808 vel
833 2780 999 2817 Argumm.
1014 2777 1131 2816 aliquot
1150 2773 1319 2814 Sophoclis.
1333 2773 1504 2813 Euripidi&
1523 2772 1709 2811 Aristopha-

216 2825 276 2861 nis,
298 2826 337 2854 ad
353 2834 431 2865 quos
446 2832 673 2862 nonuunquam
697 2822 791 2851 etiam
811 2820 954 2850 laudatur
978 2820 1008 2849 in
1028 2818 1169 2855 Scholiis‚
1194 2824 1260 2848 tum
1282 2827 1322 2848 ex
1343 2816 1486 2847 Athenaei
1510 2816 1578 2846 loco
1597 2815 1657 2846 VI.
1679 2825 1710 2854 p.

215 2870 288 2897 241.
316 2869 356 2901 F..
375 2868 426 2897 ubi
446 2867 603 2898 Maelium,
620 2866 704 2895 claro
726 2872 793 2893 tum
818 2864 914 2901 po'dtae
930 2863 1060 2898 comico,
1085 2871 1209 2900 operam
1226 2860 1346 2890 dedisse
1368 2860 1490 2895 dicitur,
1507 2859 1547 2890 de
1570 2858 1710 2897 partibus

215 2910 375 2940 comoediae
392 2910 589 2949 praecipienti.
635 2909 769 2947 Fuitque
789 2906 1004 2944 Aristophanis
1020 2905 1115 2934 nostri
1132 2903 1272 2942 proprius
1294 2903 1538 2933 commentarius
1553 2901 1592 2933 de
1609 2901 1708 2938 larvis,

217 2953 327 2985 eodem
340 2959 416 2984 teste
433 2954 550 2984 Athen.
566 2951 660 2983 XIV.
676 2961 706 2992 p.
721 2954 793 2982 659.
810 2950 846 2980 B.
893 2949 941 2982 Cf.
958 2948 1060 2980 Bentl.
1075 2947 1113 2978 de
1129 2947 1241 2986 Epistt.
1258 2946 1382 2978 Phalar.
1397 2956 1427 2987 p.
1443 2949 1493 2977 25.
