1856 3235
509 189 714 228 RERUM
742 189 1215 231 MEMORABILIUM.
1563 193 1608 232 15

138 294 223 324 Circe
237 291 273 322 de
288 290 387 320 futuro
397 287 500 318 itinere
512 286 696 325 colloquitur,
709 288 757 315 36.
772 297 822 316 na-

138 343 203 362 vem
217 328 395 363 conscendit,
421 330 484 356 145.
506 325 599 354 Sociis
614 324 713 354 Circes
727 329 758 354 et
771 326 823 355 Ti-

138 371 226 401 resiae
241 367 380 399 vaticinia
392 365 522 405 exponit,
548 367 608 392 154.
631 367 698 396 271.
722 364 760 392 ad
780 364 824 393 Si-

138 420 239 439 renum
251 406 375 437 insulam
390 404 540 444 appulsus,
553 401 697 445 sociorum
707 403 825 432 auribus

138 459 235 479 ceram
261 445 346 480 indit,
375 445 438 473 166.
465 445 528 474 173.
552 440 684 469 Sirenum
708 446 826 471 cantum

139 487 240 517 audire
253 484 344 524 cupit,
361 486 421 516 192.
442 480 537 510 socios
550 479 673 515 animat,
687 483 755 513 207.
779 490 825 510 ar·

139 529 202 555 mat
215 535 256 558 se,
270 523 336 553 226.
349 519 476 559 Scyllam
490 522 520 547 et
529 518 698 557 Charybdin
708 519 826 564 effugit,

140 566 208 594 260.
235 561 272 592 ad
301 560 375 595 Solis
400 557 526 587 insulam
549 557 702 597 appulsus,
730 567 827 588 socios

139 606 248 636 monet,
262 610 297 629 ne
319 598 393 628 Solis
417 605 523 639 pecora
537 596 659 632 violent,
674 601 743 629 271.
759 602 827 630 297.

139 639 206 672 320.
228 639 303 669 Solis
312 637 403 666 bobus
415 635 533 670 occisis,
555 634 638 675 luget
661 639 728 669 370.
753 646 829 666 nave

140 679 300 711 confracta,
321 675 397 704 malo
411 679 444 704 et
464 674 570 703 carinae
593 674 724 704 insidens
748 675 829 704 vehi-

140 723 200 752 tur,
214 721 277 746 425.
291 718 356 744 444.
370 713 408 742 ad
423 712 592 752 Charybdin
610 713 716 742 iterum
734 714 828 743 defer-

139 762 200 790 tur,
229 757 292 784 430.
319 751 455 792 caprifico
475 761 635 791 suspensus
662 758 763 782 servat
786 763 829 787 se,

142 799 209 826 432.
228 793 266 823 ad
279 792 424 831 Calypsus
437 791 562 820 insulam
575 791 741 831 appellitur,
761 796 829 825 447.

142 833 275 864 Ithacam
294 831 390 860 redire
414 830 601 859 vehementer
621 830 715 869 cupit,
739 845 759 861 ι.
782 834 829 860 30.

142 871 274 902 abiturus
288 869 444 899 Alcinoum
458 868 628 907 alloquitur,
644 873 691 902 37.
705 874 736 898 et
755 870 830 898 Are-

139 915 211 944 tam,
227 913 272 938 58.
281 909 436 938 Phaeacum
450 917 524 937 nave
537 907 683 937 dormiens
697 908 832 938 Ithacam

140 949 281 982 defertur,
305 952 350 980 79.
379 952 424 980 95.
445 951 534 976 terrae
564 946 731 987 exponitur,
765 951 830 980 119.

136 987 268 1056 patriam
282 997 340 1016 non
363 994 540 1027 agnoscenS,
555 985 649 1025 luget,
673 990 738 1019 199.
763 990 831 1019 219.

167 1027 296 1056 haeaeum
319 1025 396 1054 dona
419 1029 565 1059 recenset,
588 1030 652 1058 217.
678 1036 743 1055 cum
770 1025 833 1054 Mi-

140 1076 231 1095 nerva
244 1065 356 1104 pastori
369 1064 544 1098 msimilata‚
559 1064 748 1103 colloquitur,
763 1069 829 1098 227.

139 1115 202 1133 eam
215 1113 377 1143 agnoscens
390 1102 558 1141 alloquitur,
575 1107 642 1132 311.
666 1104 765 1143 patria
783 1113 834 1143 ag-

142 1143 213 1177 nita,
225 1147 332 1171 terram
345 1141 509 1176 osculatur,
524 1146 590 1171 354.
606 1143 754 1182 Nymphis
764 1153 834 1182 sup-

143 1182 245 1221 plicat,
273 1184 340 1210 355.
364 1191 430 1210 cum
458 1180 597 1210 Minerva
620 1181 658 1210 de
681 1191 834 1221 procorum

143 1219 222 1250 caede
235 1219 387 1254 deliberat,
401 1223 468 1252 372.
498 1219 528 1248 in
551 1230 649 1249 senem
671 1220 834 1250 mendicum

142 1259 180 1288 ab
194 1269 230 1288 ea
242 1258 476 1293 transformatur,
501 1263 568 1291 429.
584 1259 739 1289 Eumaeum
760 1259 834 1295 adit,

144 1304 167 1333 ξ.
190 1301 214 1326 1.
230 1307 333 1326 canum
353 1297 538 1336 ing-ruentum
560 1297 687 1327 furorem
710 1298 834 1333 evitans,

144 1337 226 1366 humi
250 1335 345 1370 sedet,
367 1340 413 1365 30.
435 1336 472 1365 ab
498 1336 618 1365 Eumaeo
641 1337 766 1377 benigne
786 1347 836 1366 ex-

143 1380 257 1414 ceptus,
270 1375 392 1415 gaudet,
407 1378 450 1404 48.
468 1379 514 1404 51.
529 1375 594 1404 cibo
606 1380 638 1404 et
651 1381 723 1415 potu
743 1376 836 1406 dona-

144 1419 203 1449 tur,
218 1418 263 1446 79.
281 1417 342 1446 109.
355 1424 419 1443 cum
434 1413 555 1443 Eumaeo
565 1415 753 1453 colloquitur,
770 1419 835 1445 114.

144 1458 202 1482 etc.
217 1462 253 1481 ex
274 1452 364 1481 Creta
377 1463 409 1482 se
433 1458 527 1482 ortum
550 1452 647 1493 fingit,
671 1454 836 1484 historiam-

147 1502 205 1536 que
218 1491 445 1521 commentitiam
458 1491 562 1527 refert,
589 1496 654 1525 199.
669 1493 771 1522 laenam
785 1502 836 1532 pe-

147 1535 196 1566 nt,
211 1531 275 1560 460.
300 1530 331 1559 in
353 1529 476 1570 pellibus
499 1531 656 1566 decumbit,
680 1536 746 1562 520.
770 1542 837 1561 cum

147 1569 269 1598 Eumaeo
281 1573 386 1604 coenat,
396 1583 416 1598 o.
427 1574 494 1600 300.
505 1580 571 1599 eum
581 1570 753 1609 alloquitur,
764 1572 832 1601 306.

148 1608 185 1637 de
198 1612 282 1647 patre
294 1612 326 1637 et
349 1612 442 1638 matre
468 1609 588 1648 quaerit,
612 1611 680 1639 346.
722 1610 837 1639 Eumaei

186 1657 240 1676 nus
253 1651 284 1676 et
305 1646 438 1677 fortunas
464 1648 602 1687 exquirit,
624 1652 691 1678 382.
699 1648 836 1689 jentacu-

158 1690 311 1730 umlparat,
325 1699 352 1716 ιτ.
369 1690 393 1717 1,
409 1686 617 1717 Telemachum
631 1687 838 1717 advenientem

148 1725 240 1759 audit,
256 1729 282 1753 5.
297 1725 324 1754 ei
338 1735 422 1754 assur
445 1726 479 1760 't,
493 1730 541 1755 42.
554 1726 591 1755 de
604 1726 701 1766 procis
713 1737 780 1756 eum
794 1727 837 1756 in-

147 1768 292 1803 terrogat,
315 1767 362 1796 90.
383 1775 403 1794 a
423 1736 563 1794 {imerva
585 1765 726 1801 monitus,
750 1765 838 1795 Tele-

147 1803 251 1832 macho
264 1808 364 1832 notum
376 1813 409 1833 se
420 1803 504 1839 facit,
527 1805 591 1833 186.
608 1808 674 1833 202.
700 1814 766 1834 eum
789 1814 837 1834 os-

149 1843 275 1876 culatur,
293 1845 357 1874 190.
372 1853 494 1881 cumque
505 1853 541 1872 eo
553 1843 589 1872 de
603 1843 699 1883 procis
726 1843 836 1872 interfi-

150 1880 260 1911 ciendis
273 1881 430 1917 consultat,
443 1885 510 1911 235.
531 1886 585 1911 etc.
611 1882 649 1911 ad
671 1882 771 1911 urbem
792 1882 837 1911 ire

149 1920 241 1959 cupit,
257 1934 278 1958 g.
300 1924 347 1952 17.
361 1924 423 1953 194.
437 1930 503 1949 cum
518 1920 650 1956 Eumaeo,
670 1921 776 1951 baculo
793 1921 837 1950 in-

150 1959 258 1992 nitens,
278 1959 482 1998 p10fieiscitur‚
497 1962 563 1989 200.
577 1971 597 1989 a
611 1960 781 1990 Melanthio
793 1960 838 1989 in-

150 1997 286 2031 sultatur,
301 2001 370 2027 215.
381 2009 446 2027 cum
461 1999 582 2028 Eumaeo
605 1999 644 2029 ad
667 1999 745 2028 aedes
769 2009 839 2029 suas

101 2041 109 2045 '
150 2036 290 2076 pervenit,
304 2038 371 2066 260.
385 2037 422 2066 ab
448 2039 532 2077 Argo
557 2048 629 2068 cane
659 2038 839 2078 agnoscitur,

151 2079 218 2107 291.
237 2075 274 2104 de
287 2085 322 2103 eo
337 2075 487 2105 Eumaeum
501 2078 674 2117 interrogat,
697 2081 764 2106 305.
788 2077 841 2106 do-

150 2123 229 2158 mum
251 2113 424 2153 ingreditur,
439 2116 505 2145 336.
527 2115 705 2146 Telemacho
727 2116 841 2155 gratias

152 2156 224 2197 agit,
239 2156 304 2182 354.
319 2153 396 2192 apud
410 2154 518 2184 Procos
539 2154 696 2190 mendicat,
711 2156 780 2184 365.
804 2155 842 2185 ab

152 2193 282 2220 Antinoo
295 2193 382 2230 petit,
397 2197 460 2223 414.
476 2193 513 2223 ab
527 2203 562 2223 eo
576 2193 704 2223 scabello
726 2193 841 2228 feritur,

151 2232 215 2260 462.
241 2240 344 2270 procos
356 2231 524 2271 alloquitur,
539 2233 606 2265 467.
619 2232 656 2262 ab
671 2232 792 2262 Eumaeo
803 2233 842 2262 ad

152 2269 318 2308 Penelopen
339 2271 513 2306 accersitur,
544 2275 609 2300 551.
632 2270 772 2310 Penelopi
796 2282 841 2301 re-

150 2318 288 2348 sponsum
301 2308 399 2343 mittit,
426 2311 491 2339 560.
506 2309 544 2339 ab
558 2311 607 2340 Iro
624 2310 792 2345 lacessitur,
813 2325 842 2346 σ,

193 2351 240 2376 25.
266 2357 369 2387 procos
389 2348 556 2387 alloquitur,
581 2353 628 2378 51.
649 2359 681 2378 se
702 2349 843 2390 accingit,

153 2385 201 2416 65.
214 2396 279 2415 cum
295 2387 344 2415 Iro
359 2392 461 2422 certat,
477 2391 520 2417 88.
536 2398 602 2417 eum
628 2387 709 2417 humi
727 2389 842 2423 sternit,

153 2429 200 2457 9⁹.
212 2429 243 2454 et
256 2435 309 2464 per
331 2424 506 2456 vestib'ulum
529 2427 603 2466 pede
626 2426 768 2462 extrahit,
796 2432 840 2461 99.

151 2463 217 2493 cibo
230 2470 261 2493 et
274 2464 342 2493 vino
353 2465 491 2500 donatus,
517 2466 743 2510 Amphinomum
771 2467 843 2497 allo-

154 2502 262 2542 quitur,
280 2507 344 2533 123.
358 2504 388 2532 in
403 2505 523 2544 Trojam
543 2505 653 2538 abiens,
678 2505 761 2534 uxori
781 2516 843 2536 mo·

155 2541 217 2571 nita
229 2541 290 2576 dat,
313 2544 380 2572 256.
402 2553 506 2582 procos
519 2553 539 2572 a
560 2543 706 2583 Penelope
726 2542 843 2575 delusos

155 2580 267 2614 videns,
334 2582 413 2616 udet,
437 2585 504 2612 280.
530 2582 652 2612 ancillas
675 2581 843 2623 alloquitur,

156 2622 221 2648 311.
235 2629 254 2648 a
306 2620 426 2650 elantho
436 2622 617 2661 objurgatur,
631 2625 699 2651 325.
721 2633 786 2652 eam
799 2623 843 2652 in-

155 2663 264 2697 crepat.
296 2661 360 2690 336.
387 2659 569 2699 lampadibus
594 2660 688 2690 lucem
721 2662 844 2701 praebet,

156 2699 222 2726 342.
236 2697 273 2725 ab
287 2697 333 2726 Eu
399 2699 474 2728 acho
487 2699 650 2733 lacessitur,
663 2703 729 2735 349.
740 2705 771 2730 et
781 2711 845 2730 sca-

158 2734 234 2779 bello
245 2737 365 2775 petitur,
386 2741 452 2770 393.
477 2748 542 2767 cum
567 2738 745 2770 Telemacho
766 2749 847 2770 anna

157 2783 187 2818 in
211 2774 370 2805 thalamum
391 2776 520 2816 deponit.
539 2792 563 2806 τ.
589 2781 636 2806 31.
650 2787 669 2806 a
689 2779 847 2809 Melantho

156 2817 261 2842 iterum
285 2815 468 2854 objurgatur,
494 2818 540 2845 65.
562 2826 626 2845 eam
651 2818 846 2858 reprehendit,

158 2855 204 2896 70.
220 2862 238 2881 a
252 2852 395 2893 Penelope
418 2855 626 2895 interrogatur».
642 2855 740 2888 fictam
754 2857 847 2886 histo-

157 2899 229 2919 riam
245 2891 345 2927 refert,
362 2897 424 2925 172.
442 2904 508 2923 eam
521 2895 691 2931 miseratus,
719 2896 786 2926 dolo
806 2896 848 2926 la-

156 2929 293 2974 chrymas
305 2932 442 2966 occultat,
457 2937 523 2962 210.
546 2933 662 2972 ulyssis
676 2936 713 2965 ad
728 2935 847 2974 Trojam

159 2970 400 3012 euntis-vestitum
411 2971 555 3011 depingit,
561 2976 628 3002 225.
641 2973 763 3014 ejusque
774 2983 849 3014 prae—

160 3016 271 3042 eonem,
291 3012 358 3038 244.
375 3009 509 3049 Ulyssem
525 3021 706 3044 reversurum
721 3024 787 3044 esse
800 3021 849 3043 as-

909 291 992 326 serit,
1007 293 1071 322 270.
1086 294 1151 320 300.
1166 291 1204 319 ab
1218 289 1373 329 Euryclea,
1388 298 1452 318 eum
1466 288 1600 323 lavante,

909 339 946 358 ex
959 329 1095 358 cicatrice
1109 329 1286 368 agnoscitur,
1299 332 1366 361 392.
1381 328 1418 358 ab
1432 338 1488 357 avo
1500 329 1598 356 Auto-

909 368 976 407 lyco
989 367 1162 402 nominatur,
1176 372 1242 400 409.
1267 368 1305 396 ad
1332 367 1511 397 Parnassum
1532 375 1598 406 pro-

909 406 1058 441 ficiscitur,
1077 410 1144 440 413.
1159 416 1224 435 cum
1237 406 1378 445 Autolyci
1391 406 1460 435 filiis
1473 405 1498 435 it
1511 415 1600 435 vena-

910 450 981 480 tum,
996 450 1062 478 429.
1091 446 1128 474 ab
1149 455 1221 485 apro
1241 446 1418 479 vulneratur,
1444 449 1510 477 449.
1534 453 1601 473 eum

909 484 1028 519 occidit,
1051 488 1115 514 452.
1148 484 1345 513 incantatione
1379 488 1510 517 sanatur,
1534 486 1601 514 457.

910 523 1086 562 Eurycleam
1098 523 1224 557 cohibet,
1239 533 1275 552 ne
1289 533 1321 552 se
1342 522 1454 562 prodat,
1471 526 1535 555 479.
1561 521 1602 550 la-

911 567 1009 597 vatur,
1021 566 1088 592 505.
1103 561 1265 601 Penelopes
1275 561 1418 590 somnium
1430 561 1604 600 interpreta-

910 605 972 637 tur,
987 605 1053 631 555.
1067 601 1104 630 ad
1118 611 1204 630 arcus
1216 605 1364 630 certamen
1385 599 1480 639 procis
1499 609 1604 644 propo·

911 641 1036 670 nendum
1051 650 1115 670 eam
1129 640 1272 674 hortatur,
1288 642 1354 669 583.
1368 637 1463 667 cubile
1483 637 1539 666 sibi
1558 647 1605 678 1p-

912 690 946 710 se
958 679 1075 714 sternit,
1090 694 1115 714 v,
1133 683 1158 707 l.
1184 689 1235 708 cor
1258 688 1343 708 suum
1362 676 1531 716 alloquitur,
1559 680 1603 709 17.

913 719 1000 749 anxie
1013 728 1112 748 secum
1126 718 1162 747 de
1175 726 1327 757 procomm
1350 715 1429 746 caede
1453 715 1605 750 deliberat,

913 762 961 788 24.
975 761 1023 788 28.
1038 768 1057 787 a
1072 757 1210 787 Minerva
1232 755 1339 786 solatio
1361 754 1497 788 afficitur,
1522 758 1554 784 et
1574 755 1607 784 in

914 807 1046 827 somnum
1059 796 1192 831 vertitur,
1203 800 1250 826 30.
1272 799 1315 825 54
1329 794 1429 824 uxoris
1441 792 1538 822 flentis
1558 803 1607 821 vo-

915 847 978 866 cem
990 835 1081 870 audit,
1097 839 1144 868 92.
1158 846 1177 864 a
1189 836 1265 864 Jove
1278 834 1365 874 signa
1381 832 1485 873 poscit,
1500 836 1547 865 97.
1569 831 1607 860 de

915 883 1066 915 procorum
1089 874 1247 904 insolentia
1277 872 1476 911 conqueritur,
1504 872 1568 903 169.
1588 881 1608 900 a

917 913 1086 944 Melanthio
1099 913 1234 942 convitiis
1247 911 1454 952 proscinditur,
1471 914 1533 943 177.
1547 910 1608 939 Bu-

916 953 1033 983 bulcum
1046 952 1214 991 alloquitur,
1235 952 1303 981 226.
1327 961 1347 980 a
1369 950 1549 979 Telemacho
1571 949 1610 978 ad

916 992 1003 1023 limen
1026 991 1197 1026 collocatur,
1222 991 1289 1023 257.
1316 1000 1336 1019 a
1361 988 1503 1028 Ctesippo
1525 988 1608 1018 bovis

916 1031 992 1071 pede
1005 1031 1125 1072 petitur,
1138 1035 1206 1064 299.
1227 1029 1402 1060 Sardanium
1422 1028 1513 1057 risum
1539 1027 1611 1061 edit,

918 1075 983 1101 302.
1004 1070 1042 1100 ab
1067 1070 1183 1109 Euryto
1204 1079 1302 1099 arcum
1336 1066 1443 1107 accipit
1467 1078 1490 1104 φ.
1512 1070 1559 1097 30.
1583 1066 1611 1095 ei

917 1109 970 1139 dat
993 1119 1102 1143 ensem,
1123 1113 1171 1138 34.
1206 1107 1414 1137 Telemachum
1438 1111 1513 1135 nutu
1544 1116 1610 1146 pro-

918 1149 1002 1178 hibet
1015 1159 1051 1177 ne
1064 1157 1164 1177 arcum
1188 1147 1293 1176 tendat
1319 1150 1379 1178 129.
1402 1145 1488 1174 domo
1513 1155 1613 1184 egres-

920 1198 982 1223 sus,
1011 1187 1132 1216 Eumaeo
1157 1191 1188 1215 et
1215 1185 1354 1215 Philoetio
1378 1195 1411 1214 se
1435 1188 1536 1213 notum
1570 1184 1615 1212 fa-

919 1227 969 1261 cit,
985 1230 1049 1259 190.
1072 1236 1091 1255 a
1103 1224 1199 1254 flendo
1212 1234 1264 1253 eos
1279 1223 1410 1257 cohibet,
1435 1227 1500 1255 227.
1525 1223 1621 1262 iisque

919 1266 1058 1295 mandata
1083 1265 1147 1299 dat,
1171 1268 1238 1293 230.
1263 1274 1281 1292 a
1304 1263 1400 1302 procis
1427 1271 1525 1291 arcum
1553 1271 1621 1301 pos-

919 1304 970 1340 cit,
991 1308 1056 1334 281.
1081 1303 1118 1332 ab
1141 1303 1271 1332 Antinoo
1297 1301 1527 1341 reprehenditur,
1544 1304 1612 1333 287.

927 1353 1026 1374 arcum
1057 1342 1176 1381 accipit,
1203 1345 1268 1373 379.
1290 1351 1357 1369 eum
1386 1340 1463 1368 omni
1495 1349 1532 1368 ex
1546 1349 1613 1378 par·

921 1387 952 1412 te
979 1381 1124 1422 explorat,
1153 1384 1219 1413 393.
1252 1384 1283 1408 et
1305 1378 1392 1408 facile
1414 1378 1520 1412 tendit,
1547 1383 1612 1410 409.

921 1422 1062 1462 sagittam
1076 1420 1167 1449 mittit
1181 1429 1232 1458 per
1247 1417 1344 1447 omnia
1367 1417 1520 1452 foramina,
1545 1421 1611 1446 421.

922 1459 1101 1490 Telemacho
1128 1458 1232 1492 innuit,
1266 1460 1332 1487 431.
1360 1457 1464 1496 pannis
1484 1456 1612 1485 nudatus

922 1499 1078 1538 alloquitur
1091 1508 1206 1537 procos,
1218 1512 1249 1535 χ,
1271 1501 1299 1525 4.
1340 1496 1502 1525 Antinoum
1520 1495 1610 1524 inter-

921 1538 991 1573 ficit,
1010 1542 1053 1567 15.
1071 1536 1169 1581 procis
1189 1546 1222 1566 se
1242 1534 1423 1570 manifestat,
1447 1539 1494 1564 34.
1515 1535 1612 1573 Eury-

922 1578 1056 1607 machum
1070 1574 1218 1610 mterficit,
1234 1578 1280 1604 81.
1296 1583 1505 1614 procorumque
1527 1572 1612 1608 alios,

926 1620 988 1645 114.
1009 1619 1104 1645 armat
1125 1625 1166 1649 se,
1185 1618 1248 1644 122.
1275 1614 1425 1643 Eumaeum
1449 1617 1480 1642 et
1502 1611 1613 1642 Philoe-

921 1655 995 1685 tium
1009 1654 1100 1684 mittit
1114 1653 1313 1683 Melanthium
1326 1657 1474 1692 capturos,
1493 1655 1557 1685 171.
1580 1661 1612 1680 o-

921 1705 988 1734 pem
1002 1704 1021 1722 a
1036 1693 1175 1722 Mentore
1188 1692 1273 1732 petit,
1287 1695 1353 1721 208.
1375 1701 1394 1721 a
1408 1691 1548 1720 Minerva
1560 1689 1613 1719 ob-

919 1735 934 1774 j
1008 1738 1068 1767 tur,
1092 1736 1158 1762 225.
1183 1740 1336 1771 procorum
1360 1729 1434 1760 alios
1459 1729 1612 1765 interimit,

925 1774 991 1803 266.
1006 1776 1072 1801 283.
1086 1775 1154 1804 292.
1176 1774 1240 1802 307.
1283 1769 1422 1799 Leiodem
1445 1768 1612 1807 alloquitur,

926 1815 994 1841 320.
1008 1821 1074 1839 eum
1088 1809 1237 1843 interficit,
1252 1812 1319 1838 328.
1335 1808 1482 1837 Medonta
1493 1808 1613 1842 animat,

925 1854 992 1884 372.
1044 1859 1127 1878 rocos
1157 1858 1257 1877 omnes
1287 1847 1400 1877 occisos
1427 1847 1516 1881 videt,
1547 1851 1615 1876 383.

923 1891 1022 1929 Euryc
1034 1899 1097 1917 eam
1106 1887 1143 1917 ab
1153 1886 1314 1917 exultando
1326 1886 1456 1921 cohibet,
1467 1890 1533 1919 409.
1542 1896 1617 1915 mor-

923 1934 990 1959 tuos
1002 1927 1099 1957 efferri
1106 1927 1193 1966 jubet
1206 1930 1270 1959 437.
1285 1925 1466 1964 ancillasque
1491 1925 1615 1964 impudi-

923 1978 973 1998 cas
998 1966 1137 2006 suspendi
1163 1969 1230 1995 441.
1262 1965 1349 1994 thure
1381 1964 1497 1994 domum
1524 1963 1613 1999 suffit,

924 2011 990 2040 493.
1004 2005 1150 2035 afamulis
1170 2004 1305 2043 amplexu
1323 2010 1355 2032 et
1365 2002 1473 2033 osculis
1489 2003 1615 2036 fovetur,

925 2050 992 2078 498.
1033 2044 1241 2073 Telemachum
1252 2043 1289 2071 de
1300 2042 1501 2072 lthaoensium
1515 2042 1559 2071 ira
1571 2042 1614 2071 vi-

923 2084 1014 2114 tanda
1036 2082 1172 2116 consulit,
1195 2087 1230 2118 ψ.
1248 2086 1309 2114 117.
1337 2081 1552 2121 pulchritudine
1582 2084 1614 2109 et

921 2123 1019 2164 gratia
1036 2121 1220 2161 perfunditur
1246 2131 1265 2149 a
1284 2120 1434 2155 Minerva,
1460 2120 1522 2150 156.
1543 2129 1613 2148 uxo-

925 2173 985 2191 rem
999 2160 1198 2200 reprehendit,
1220 2159 1298 2199 quod
1322 2169 1354 2188 se
1375 2169 1432 2188 non
1457 2163 1613 2198 agnoscat,

928 2203 992 2231 166.
1015 2201 1122 2229 lectum
1146 2209 1229 2229 suum
1251 2198 1433 2238 conjugalem
1460 2198 1614 2233 describit,

928 2244 992 2270 184.
1007 2250 1025 2268 a
1039 2238 1186 2278 Penelope
1200 2238 1380 2278 agnoscitur,
1394 2240 1459 2268 205.
1474 2247 1538 2266 eam
1552 2247 1614 2266 am-

926 2279 1067 2320 plectens,
1080 2277 1246 2317 lachrymas
1260 2276 1366 2310 fundit,
1380 2280 1444 2306 233.
1461 2276 1488 2305 ei
1501 2275 1616 2306 futuros

927 2328 996 2348 suos
1009 2317 1123 2346 labores
1138 2320 1289 2350 memorat,
1307 2318 1373 2345 248.
1398 2317 1464 2345 265.
1485 2315 1614 2344 cubitum

925 2358 961 2392 it,
976 2358 1039 2389 296.
1054 2356 1206 2385 historiam
1219 2354 1326 2384 erroris
1339 2355 1384 2383 sui
1410 2354 1493 2383 uxori
1515 2354 1617 2390 refert,

926 2397 990 2426 306.
1005 2395 1035 2424 in
1123 2405 1152 2424 m
1173 2395 1316 2427 abiturus,
1339 2393 1480 2422 mandata
1504 2393 1531 2422 ei
1554 2394 1616 2427 dat,

925 2439 991 2468 349.
1003 2445 1068 2464 cum
1077 2434 1135 2463 filio
1143 2440 1174 2464 et
1185 2433 1277 2463 servis
1293 2432 1363 2462 urbe
1375 2431 1535 2471 egreditur,
1549 2436 1617 2464 370.

925 2474 964 2504 ad
979 2474 1103 2503 Laertes
1116 2473 1231 2502 domum
1245 2482 1295 2501 eos
1308 2471 1413 2505 mittit,
1428 2485 1452 2501 a.
1467 2475 1534 2500 212.
1554 2471 1617 2511 ipse

925 2517 1037 2553 patrem
1052 2511 1144 2541 solum
1159 2512 1280 2545 invenit,
1290 2513 1355 2540 225.
1370 2520 1436 2539 eum
1449 2510 1616 2549 alloquitur,

926 2555 993 2582 243.
1007 2551 1105 2580 fictam
1119 2551 1156 2580 de
1177 2561 1211 2580 se
1236 2549 1389 2579 historiam
1414 2554 1523 2582 narrat,
1548 2553 1615 2578 302.

926 2596 1039 2631 patrem
1062 2590 1220 2623 osculatur,
1241 2593 1272 2618 et
1297 2588 1325 2617 ei
1352 2592 1450 2617 notum
1478 2598 1510 2617 se
1535 2587 1617 2623 facit,

927 2633 993 2662 319.
1013 2639 1079 2658 eum
1093 2629 1211 2663 animat,
1224 2629 1290 2657 356.
1304 2637 1369 2656 cum
1380 2636 1415 2656 eo
1426 2627 1541 2656 domum
1553 2637 1617 2665 pro-

927 2668 1075 2702 ficiscitur,
1097 2669 1162 2697 360.
1177 2667 1267 2697 lotum
1277 2676 1342 2695 eum
1356 2670 1387 2694 et
1410 2671 1543 2694 ornatum
1564 2666 1618 2695 mi-

928 2712 1021 2741 ratur,
1035 2709 1101 2740 369.
1121 2706 1240 2736 aDolio
1251 2710 1283 2736 et
1302 2704 1370 2734 filiis
1393 2705 1486 2734 amice
1508 2704 1618 2743 excipi-

928 2751 985 2781 tur,
1000 2747 1063 2779 396.
1079 2749 1142 2776 408.
1158 2749 1189 2775 et
1201 2755 1267 2775 cum
1288 2744 1324 2773 iis
1349 2744 1481 2784 prandet.
1503 2747 1569 2772 411.
1590 2744 1620 2772 1-

929 2785 1118 2816 thaoensibus
1132 2784 1366 2818 advenientibus,
1380 2788 1474 2811 armat
1489 2793 1531 2816 se,
1552 2786 1619 2814 495.

930 2824 1139 2854 Telemachum
1152 2824 1270 2856 animat.
1284 2823 1351 2851 504.
1374 2822 1546 2851 ltliacenscs
1565 2831 1618 2861 ag-

931 2863 1072 2904 greditur,
1088 2867 1154 2893 525.
1165 2873 1231 2891 cum
1244 2861 1317 2901 ipsis
1338 2861 1431 2890 foedus
1446 2860 1510 2895 init,
1536 2864 1599 2890 545.

895 2902 1012 2942 Ulyssis
1023 2906 1170 2931 certamen
1185 2911 1249 2930 cum
1264 2899 1393 2935 Achille,
1408 2910 1426 2930 a
1449 2899 1619 2929 Demodoco

933 2946 1094 2975 cantatum,
1109 2940 1165 2969 Od.
1179 2944 1210 2968 3-
1227 2943 1270 2971 75.

897 2981 1015 3019 Ulyssis
1027 2979 1149 3012 divitiae.
1162 2979 1215 3008 Od.
1232 2983 1251 3011 ξ.
1270 2982 1331 3008 100.
