1856 3235
223 203 316 242 240
676 195 1232 246 PROLEGOMENA.

222 324 522 371 Pisistratum
547 323 627 372 alii
649 334 794 390 atque
818 327 898 374 alii
921 327 1145 391 rhapsodi
1176 327 1238 374 ad
1271 328 1581 376 scribendum
1618 331 1700 378 ad-

224 389 522 446 hiberentur,
561 407 758 439 necesse
783 401 886 439 erat
908 391 1110 439 formam
1143 392 1244 455 ejus
1285 394 1489 441 subinde
1531 396 1702 442 variari

222 463 273 502 et
296 456 486 512 mutari,
522 457 798 520 priusquam
821 458 871 503 in
895 473 1067 504 manus
1091 457 1331 505 Zenodoti
1357 467 1407 506 et
1431 459 1702 508 Aristarchi

219 520 423 568 veniret.
494 521 605 577 Qua
629 523 689 569 de
714 539 766 569 re
796 522 1133 569 commentarii
1171 521 1342 570 horum
1382 524 1514 571 haud
1554 525 1701 573 dubie

220 584 360 648 plura
381 586 563 634 indicia
586 596 910 642 servaverant,
946 587 997 632 in
1018 603 1220 649 quorum
1254 588 1447 651 jactura
1474 606 1607 638 nunc
1648 607 1698 638 se

220 651 435 714 speciose
459 659 624 699 tuetur
647 651 856 715 vulgaris
898 652 1075 714 opinio.
1146 653 1280 708 Quid
1302 670 1418 701 vero
1450 655 1573 702 illud
1595 661 1700 703 est?

219 716 356 764 Ante
381 733 554 764 munus
589 716 862 764 Villoisonii
901 733 1026 763 unus
1066 717 1117 763 in
1159 717 1362 765 Scholiis
1403 728 1506 767 erat
1542 720 1696 777 locus,

219 781 300 844 qui
323 783 624 830 mentionem
647 781 832 829 faceret
873 782 1163 835 διασκευάσεως
1201 782 1454 847 cujusdam
1495 785 1701 848 antiqui-

218 847 312 894 oris
355 847 700 894 Alexandrinis
740 846 854 893 illis:
892 863 994 894 rem
1034 864 1193 903 nemo,
1231 848 1362 910 quod
1401 849 1564 905 sciam,
1602 867 1700 913 quo

216 911 433 968 referret,
470 912 701 960 habebat:
730 912 832 975 jam
858 920 907 960 et
929 912 1059 959 illam
1093 921 1143 960 et
1181 929 1361 960 nomen
1401 915 1700 962 διασκευαστῶν

217 978 471 1041 perspicue
495 978 632 1024 nobis
656 977 877 1025 Venetus
903 977 1193 1025 Scholiastes
1216 978 1380 1026 attulit
1417 979 1600 1042 aliquot
1632 980 1701 1028 lo-

217 1043 300 1098 cis,
341 1043 391 1089 in
416 1044 588 1105 quibus
611 1042 818 1090 traditur
841 1042 1024 1106 aliquid
1062 1044 1361 1106 suppositum
1403 1061 1504 1092 esse
1545 1062 1573 1092 a
1612 1045 1699 1092 δια-

220 1114 482 1163 σκευασταῖς,
520 1107 655 1170 quod
678 1107 852 1155 Critici
875 1108 1052 1155 deinde
1095 1118 1204 1155 vate
1229 1109 1484 1173 indignum
1522 1118 1572 1157 et
1607 1111 1698 1157 tol-

217 1172 418 1220 lendum
475 1172 753 1236 putaverint
771 1176 802 1219 ².
894 1172 966 1219 Ea
1018 1189 1094 1220 res
1141 1190 1288 1236 quum
1346 1175 1552 1222 antehac
1598 1175 1700 1224 solo

214 1237 309 1284 isto
332 1237 616 1285 tenuissimo
639 1237 846 1301 vestigio
881 1246 997 1285 nota
1030 1237 1192 1294 fuerit,
1230 1246 1279 1286 et
1319 1255 1382 1285 ne
1421 1256 1554 1287 nunc
1595 1241 1696 1303 qui-

216 1303 328 1350 dem
365 1303 487 1350 ratio
533 1303 634 1366 ejus
674 1318 876 1366 usquam
911 1311 1137 1350 accurate
1178 1304 1465 1367 explicetur,
1503 1305 1697 1354 difficile

216 1376 290 1415 est
331 1369 391 1416 de
432 1385 487 1415 ea
511 1368 692 1431 aliquid
718 1369 839 1415 certi
862 1376 1088 1416 statuere.
1157 1368 1394 1417 Attamen
1420 1377 1696 1434 comparata

213 1433 295 1480 illa
318 1433 500 1481 indicia
539 1432 795 1481 manifesto
822 1433 1016 1490 docent,
1055 1433 1357 1488 διασκευαστοὶς
1380 1451 1478 1482 non
1500 1436 1694 1499 ignotos

214 1499 446 1561 quosdam
492 1508 711 1546 auctores
757 1499 1029 1547 criticarum
1076 1500 1410 1548 recensionum
1449 1501 1696 1550 habendos

214 1580 330 1620 esse,
370 1564 431 1612 de
456 1565 628 1627 quibus
651 1564 741 1611 alia
763 1564 998 1612 vocabula
1030 1565 1081 1611 in
1118 1582 1209 1612 usu
1231 1573 1359 1621 sunt,
1396 1566 1482 1613 sed
1505 1574 1698 1614 exacto-

212 1646 287 1677 res
311 1646 395 1677 seu
417 1630 659 1693 politores,
697 1629 780 1692 qui
802 1629 878 1677 vel
903 1646 1000 1677 una
1023 1646 1133 1677 cum
1159 1630 1408 1678 Pisistrato
1432 1630 1512 1678 vel
1533 1631 1696 1694 paullo

211 1702 321 1758 post
345 1695 502 1742 eidem
528 1695 657 1758 operi
681 1711 877 1741 manum
901 1696 1202 1743 admoverint
1217 1694 1251 1742 b.

280 1760 376 1807 Sed
415 1760 612 1808 omnino
653 1760 851 1807 dubium
890 1777 991 1808 esse
1031 1761 1247 1816 arbitror,
1285 1777 1402 1808 num
1437 1761 1526 1826 ipsi
1564 1768 1696 1810 vete-

213 1842 289 1873 res
312 1826 397 1872 uni
423 1826 670 1873 Pisistrato
693 1825 951 1874 tribuerint
973 1826 1224 1890 negotium
1248 1826 1382 1883 illud,
1419 1843 1495 1884 an,
1531 1834 1587 1875 ut
1611 1843 1695 1879 sae-

254 1976 274 1996 a
295 1966 398 1997 Locus
413 1967 447 1997 in
462 1968 543 1998 brev.
561 1967 662 1999 Schol.
676 1974 722 1999 est
735 1968 775 1999 ad
793 1967 903 2009 Odyss.
919 1968 957 1999 λ’.
975 1971 1059 2005 585.,
1081 1968 1135 2009 qui
1161 1973 1357 2008 comparatus
1385 1977 1459 1998 cum
1491 1966 1593 1998 Schol.
1609 1967 1693 1998 Ven.

211 2007 252 2038 ad
268 2009 366 2039 Catal.
387 2013 452 2040 104.
468 2017 499 2040 et
512 2010 552 2041 ad
568 2011 660 2042 Pind.
677 2011 728 2042 Ol.
746 2012 773 2042 Ι.
790 2015 839 2043 97.
861 2011 960 2047 docet,
977 2012 1158 2041 Aristarcho
1171 2011 1214 2041 ibi
1229 2011 1332 2050 plures
1346 2020 1450 2041 versus
1471 2009 1511 2040 de
1524 2010 1693 2049 interpolap

212 2051 297 2082 tione
326 2051 531 2084 διασκευιστοῦ
559 2060 714 2093 suspectos
740 2053 844 2085 fuisse.
887 2055 932 2084 Et
961 2054 987 2084 si
1016 2054 1092 2094 quid
1121 2053 1194 2084 fidei
1218 2055 1312 2084 habet
1335 2058 1408 2083 nota
1424 2052 1538 2084 codicis
1553 2053 1691 2084 vindob.

213 2094 427 2130 CXXXIII„
450 2106 599 2136 magnam
612 2097 761 2127 lacunam
773 2097 807 2126 in
822 2096 1031 2136 pulcherrima
1053 2102 1138 2136 parte
1164 2096 1234 2126 libri
1248 2096 1322 2126 fecit
1335 2096 1467 2135 suspicio
1483 2095 1575 2126 illius.
1618 2096 1694 2128 Hoc

211 2143 318 2167 autem
333 2147 398 2168 uno
411 2138 488 2174 loco,
512 2139 536 2168 si
553 2146 636 2170 recte
651 2139 789 2175 memini,
813 2140 960 2170 Eustath.
975 2140 1064 2170 affert
1079 2149 1145 2170 rem
1171 2139 1266 2175 illam,
1287 2138 1342 2169 sed
1364 2139 1493 2178 petitam
1518 2149 1558 2169 ex
1582 2138 1693 2170 eodem

213 2179 327 2217 Schol.‚
350 2181 447 2216 etsie,
468 2187 504 2211 ut
518 2192 586 2211 eam
610 2192 674 2212 non
700 2182 815 2212 melius
839 2182 980 2212 videatur
1002 2181 1200 2217 intellexisse,
1221 2192 1317 2222 quam
1341 2181 1504 2222 quisquam
1530 2181 1694 2213 doctorum

211 2228 283 2252 ante
301 2222 468 2254 editionem
484 2225 623 2254 muneris
637 2225 762 2255 Veneti.
808 2224 914 2260 Quare
939 2224 1101 2255 mittamus
1126 2225 1208 2255 Mer.
1234 2225 1464 2260 Cambonum,
1486 2224 1540 2265 qui
1567 2224 1694 2256 Scholio

210 2264 313 2294 lucem
329 2265 510 2297 affundebat
524 2277 562 2297 ex
579 2267 736 2298 Eustathii
752 2267 911 2297 rhetoricis
925 2267 1014 2303 notis,
1037 2267 1070 2297 in
1085 2267 1198 2307 quibus
1212 2273 1403 2297 memoratur
1427 2268 1538 2308 σχῆμα,
1562 2266 1692 2298 >nunsu-

213 2309 339 2338 κατικὸν.
384 2308 460 2339 Jam
475 2319 547 2340 vero
562 2310 645 2340 conf.
664 2309 813 2340 Scholion
827 2310 988 2340 Venetum
1003 2308 1035 2340 δ’.
1051 2313 1122 2340 208.
1139 2309 1353 2350 (referendum
1369 2309 1408 2340 ad
1423 2309 1463 2350 γ’.
1478 2310 1692 2350 396—418.)

211 2351 246 2388 ζ’.
263 2354 336 2380 441.
353 2351 394 2381 θ’.
411 2354 474 2386 73.,
499 2359 568 2382 turn
583 2352 662 2383 illud
677 2352 709 2383 α’.
728 2356 800 2383 356.
823 2352 906 2392 quod
928 2352 1034 2391 paullo
1048 2358 1121 2383 aute
1134 2352 1276 2389 indicavi,
1301 2353 1337 2383 τ’.
1351 2356 1425 2384 527.
1449 2357 1481 2382 et
1501 2356 1572 2383 400.
1596 2352 1690 2394 (refe-

211 2392 347 2423 rendum
361 2393 401 2424 ad
416 2394 456 2425 S'.
475 2396 559 2434 185.)
582 2401 652 2425 tum
670 2394 699 2426 μ’.
717 2399 788 2426 269.
804 2401 835 2425 et
849 2396 887 2426 ω’.
900 2398 971 2425 155.

252 2436 272 2466 b
296 2435 404 2477 Vulgo
419 2437 526 2477 ignota
541 2444 586 2467 est
601 2437 646 2468 vis
660 2437 745 2468 illius
766 2438 915 2473 vocabuli,
939 2437 978 2468 de
1001 2448 1063 2478 qua
1077 2437 1254 2478 quaerimus,
1277 2447 1379 2478 neque
1392 2437 1486 2468 allata
1499 2447 1518 2467 a
1533 2437 1692 2478 Stephano

210 2485 242 2508 et
257 2479 372 2510 Scotto.
418 2482 463 2510 At
476 2480 548 2510 satis
563 2491 633 2511 eam
648 2480 805 2511 declarant
828 2481 954 2511 Scholia
979 2481 1018 2511 ad
1045 2491 1142 2511 unam
1168 2481 1386 2520 Aristophanis
1409 2479 1558 2516 fabulam,
1583 2481 1694 2512 Nubes

209 2531 236 2551 v.
253 2524 324 2552 552.
340 2528 371 2552 et
387 2525 467 2558 591„
492 2529 560 2553 tum
587 2523 675 2553 locus
698 2523 732 2553 in
753 2523 902 2562 praeclaro
927 2525 1135 2564 Argumento,
1158 2524 1241 2565 quod
1267 2530 1412 2564 quartum
1437 2528 1482 2554 est
1505 2523 1539 2553 in
1562 2523 1693 2555 Kusteri

209 2564 282 2595 edit.
327 2565 376 2595 Ex
392 2565 440 2594 his
455 2565 572 2596 collatis
588 2573 722 2606 apparet,
745 2565 936 2605 διασκευάζειν
950 2577 968 2596 a
983 2567 1138 2597 veteribus
1151 2567 1308 2606 magistris
1321 2566 1473 2597 adscitum
1487 2576 1552 2596 esse
1574 2567 1608 2597 in
1633 2577 1690 2607 po-

209 2613 351 2637 testatem
367 2608 451 2638 verbi
469 2608 720 2647 ἐωιδιαισκευαίζειν,
744 2615 779 2638 ut
794 2609 827 2639 in
845 2609 982 2640 Scenicis
996 2620 1091 2649 prope
1105 2609 1190 2640 idem
1205 2615 1286 2640 esset
1299 2608 1382 2649 quod
1397 2607 1595 2645 ἀναδιδάσκειν,
1617 2611 1648 2642 h.
1663 2621 1691 2641 e.

208 2653 333 2690 repetito
349 2654 531 2681 committere
542 2652 697 2692 sabulum,
721 2654 771 2682 sed
787 2655 940 2687 mutando,
957 2654 1106 2687 addendo,
1129 2654 1310 2683 detrahendo
1332 2654 1532 2688 emendatam,
1554 2654 1690 2694 reficiam

208 2700 236 2723 et
252 2696 392 2724 secundis
407 2697 489 2724 curis
504 2696 698 2725 elaboratam.
748 2694 787 2724 Id
803 2696 887 2725 enim
903 2695 1004 2726 facere
1018 2695 1158 2725 solebant
1171 2694 1218 2725 illi
1239 2695 1337 2734 poe'tae
1360 2694 1534 2733 saepissime,
1557 2705 1630 2725 mox
1656 2706 1689 2726 e-

208 2736 285 2766 tiam
302 2736 363 2771 alii,
387 2743 423 2767 ut
440 2736 628 2776 Apollonius
646 2737 746 2767 Rhod.
792 2737 903 2778 Neque
919 2738 1007 2768 aliter
1030 2738 1122 2768 Plato
1147 2737 1222 2768 fecit
1243 2738 1276 2767 in
1303 2737 1427 2776 optimis
1452 2737 1584 2778 dialogis
1609 2738 1692 2775 suis;

209 2789 304 2818 quam
319 2781 359 2809 ob
375 2789 500 2810 causam
516 2780 675 2820 exquirere
691 2790 754 2810 uon
771 2779 850 2815 licet,
873 2780 998 2820 quando
1012 2780 1142 2821 quisque
1162 2780 1352 2819 compositus
1377 2780 1424 2816 sit,
1448 2790 1546 2821 quum
1571 2780 1604 2810 in
1627 2791 1694 2812 sce·

209 2822 287 2851 nicis
303 2822 418 2852 fabulis
431 2822 540 2853 saltem
557 2833 594 2852 ex
610 2822 784 2853 didascaliis
800 2823 982 2863 plerumque
997 2829 1106 2853 notum
1129 2823 1168 2853 sit
1183 2830 1313 2862 tempus,
1331 2833 1394 2864 quo
1408 2822 1498 2853 editae
1512 2829 1594 2854 sunt.
1638 2824 1691 2855 De

208 2864 284 2902 ipsis
300 2865 395 2905 igitur
410 2866 589 2896 auctoribus
602 2865 672 2896 libri
688 2866 837 2896 usitatum
853 2872 898 2896 est
913 2868 1050 2900 verbum,
1075 2866 1138 2896 sive
1152 2865 1192 2897 de
1207 2865 1252 2903 iis,
1274 2866 1328 2907 qui
1342 2866 1452 2897 umam
1473 2865 1582 2898 alienis
1606 2865 1691 2898 libris

209 2906 407 2939 adhibebant.
428 2918 493 2940 non
509 2908 548 2940 de
566 2908 688 2940 Criticis
702 2908 907 2948 posteriorum
923 2908 1117 2940 saeculorum.

1846 3131 1856 3235 --ιι-.-.·.Δ
1850 3081 1856 3109 .·..
1846 3065 1856 3074 .-
