1856 3235
197 217 291 260 292
660 205 1223 255 PROLEGOMENA.

200 339 522 406 spectandum
562 339 700 386 nobis
726 345 852 386 esset
887 337 1058 386 Critici
1081 336 1224 400 hujus
1247 334 1515 399 ingenium,
1553 334 1689 384 locus

200 415 327 456 esset
367 404 590 460 mirandi,
632 404 749 467 quid
773 404 817 451 ei
842 408 1071 466 unquam'
1090 401 1220 465 apud
1258 401 1428 448 doctos
1471 400 1692 448 homines

199 481 387 521 tantam
410 470 618 518 nominis
642 469 845 533 gloriam
879 466 1182 515 confecisset.
1252 466 1428 529 Neque
1464 482 1581 513 vero
1615 483 1690 514 res

201 555 264 587 ex
289 536 494 585 totidem
518 535 658 583 bonis
680 533 972 597 conjecturis
994 531 1122 578 illius
1145 531 1353 594 intelligi
1379 531 1490 578 satis
1513 539 1692 594 potest,

203 604 383 667 quippe
418 618 567 665 quum
592 616 771 654 earum,
799 614 907 661 quae
931 596 1207 651 traduntur,
1243 595 1377 643 nulla
1400 612 1459 643 eo
1483 596 1696 644 emineat

204 668 442 724 acumine,
489 666 620 730 quod
653 665 704 711 in
739 663 1034 711 felicioribus
1058 661 1210 708 nostri
1243 662 1474 723 temporis
1500 661 1696 709 Criticis

204 734 497 782 admiramur
521 742 552 778 ².
624 730 788 785 Quare
811 728 1051 775 fateamur
1073 728 1306 790 ingenue,
1333 726 1571 790 quidquid
1609 744 1696 774 un-

206 800 354 863 dique
379 796 649 851 cor1·aseris‚
675 811 775 842 non
798 802 962 841 tamen
1001 809 1106 840 eam
1131 792 1229 839 vim
1252 791 1445 847 habere,
1482 799 1539 839 ut
1563 792 1697 839 Aris-

204 865 360 914 tarchi
385 862 556 911 merita
578 861 629 907 in
657 860 928 908 Homerum
954 858 1219 921 explorate,
1256 864 1306 904 et
1329 865 1495 904 nostro
1532 857 1694 920 potius

205 947 350 995 quam
373 937 594 977 veterum
610 926 801 991 judicio
825 925 888 973 ad
910 940 1079 972 verum
1103 939 1404 972 revocemus.
1610 931 1613 933 ’

837 1127 1024 1175 XLIX.

276 1258 462 1312 Eadem
485 1261 682 1309 fortuna
708 1258 1054 1323 conquerenda
1077 1257 1216 1306 nobis
1240 1266 1313 1305 est
1336 1258 1388 1304 in
1410 1257 1481 1313 iis,
1508 1271 1618 1320 quae
1642 1257 1702 1310 ad

212 1329 581 1380 celeberrimum
606 1327 779 1374 obelum
822 1324 1091 1372 Aristarchi
1113 1324 1378 1388 pertinent.
1449 1322 1542 1370 Illo
1575 1323 1702 1370 enim

210 1404 446 1444 armatum
483 1410 594 1441 eum
630 1391 928 1440 severissime
964 1390 1181 1437 omnium
1215 1403 1417 1437 munere
1458 1403 1557 1436 suae
1592 1389 1704 1436 artis

209 1461 455 1516 functum,
503 1458 686 1521 talique
733 1458 872 1521 signo
917 1473 1060 1503 usum
1105 1472 1208 1503 esse
1254 1455 1316 1503 ad
1350 1471 1516 1502 versus
1550 1459 1707 1517 poetae

209 1526 468 1591 splendore
493 1524 736 1587 indignos,
764 1523 878 1578 sive,
903 1530 959 1569 ut
983 1522 1098 1569 olim
1121 1521 1461 1585 loquebantur,
1497 1523 1708 1584 παρεμβε-

209 1592 434 1657 βλημὲνους
481 1588 849 1644 confodiendos,
897 1587 1124 1634 universa
1171 1586 1432 1650 antiquitas
1482 1593 1704 1632 testatur.

213 1658 384 1720 Atque
418 1656 452 1702 ii
487 1655 683 1719 quidem
719 1662 937 1701 veterum
973 1653 1280 1716 scriptorum,
1319 1651 1400 1714 qui
1435 1650 1562 1698 hanc
1606 1667 1705 1698 rem

209 1723 374 1788 paullo
409 1721 660 1784 attingunt
701 1718 980 1782 diligentius
1015 1734 1115 1765 non
1150 1718 1376 1780 ambigue
1411 1716 1701 1780 significant,

211 1788 406 1837 obelum
432 1788 490 1834 ab
518 1784 804 1832 Aristarcho
833 1784 988 1847 primo
1023 1783 1084 1831 ad
1109 1783 1412 1830 notationem
1445 1781 1583 1828 istius
1623 1799 1707 1846 ge-

211 1853 341 1902 neris
366 1852 636 1900 adhibitum
660 1852 704 1909 ¹³3
741 1849 833 1896 nisi
857 1848 984 1897 forte
1006 1856 1164 1912 putas,
1192 1847 1370 1895 similes
1408 1847 1709 1910 superiorum

213 1919 509 1968 Criticorum
547 1925 684 1964 notas
708 1916 988 1963 obscuratas
1024 1923 1074 1962 et
1108 1913 1384 1961 obliteratas
1422 1929 1525 1960 esse
1573 1913 1708 1960 Aris-

212 2060 284 2088 406.
300 2057 416 2088 ἀπόεικε
431 2055 579 2090 κελεύθου,
603 2054 635 2085 δ’.
658 2058 729 2085 260.
751 2055 879 2097 κρητῆρι,
902 2055 974 2085 456.
990 2052 1078 2087 πίνας,
1094 2051 1121 2083 ι’.
1140 2056 1187 2084 19.
1211 2052 1286 2087 τίτί,
1304 2054 1375 2082 401.
1400 2050 1471 2092 ἰμοί,
1483 2055 1526 2092 μ’.
1545 2054 1615 2082 161.
1629 2055 1709 2088 βαλ-

213 2101 342 2140 λομὲνων,
361 2102 407 2137 ψ’.
423 2103 495 2130 506.
511 2098 627 2136 ἐδίδαξεν
644 2104 702 2128 etc.

255 2154 274 2173 a
296 2143 406 2181 Longa
420 2152 500 2181 opus
514 2141 554 2171 sit
568 2140 750 2171 inductione
765 2139 991 2179 exemplorum,
1007 2137 1130 2169 utillud
1142 2137 1235 2177 plane
1246 2138 1376 2176 probem
1387 2137 1563 2168 lectoribus.
1607 2137 1704 2178 Ergo.

213 2191 249 2216 ut
264 2185 441 2224 praecidam,
468 2194 526 2215 nec
543 2184 713 2223 anticipem
728 2194 774 2218 ea,
798 2193 868 2223 quae
883 2182 990 2212 locum
1011 2188 1140 2220 poscent
1160 2182 1193 2210 in
1210 2181 1334 2220 proprio
1359 2179 1602 2213 Commentario,
1630 2190 1706 2210 con-

210 2229 364 2268 jecturam
379 2228 507 2257 afferam
523 2237 621 2257 unam
643 2226 795 2261 omnium,
819 2236 889 2266 quae
915 2224 1094 2255 Aristarcho
1109 2224 1298 2257 tribuuntur,
1323 2223 1518 2254 scitissimum
1537 2229 1568 2253 et
1582 2221 1708 2263 elegan-

214 2271 376 2306 tissimam,
393 2271 425 2300 in
440 2273 475 2301 α’.
487 2273 558 2300 207.
605 2269 655 2299 Ibi
666 2279 765 2309 quum
777 2274 809 2298 et
818 2268 885 2308 ipse
896 2268 929 2298 in
941 2274 1028 2298 textu
1039 2267 1199 2307 vulgatam
1214 2266 1398 2304 scripturam
1415 2273 1554 2297 nostram
1564 2264 1706 2296 dedisset.

213 2323 287 2344 mox
302 2314 350 2343 vel
366 2314 399 2343 in
413 2313 526 2343 scholis
541 2312 591 2342 vel
607 2313 640 2342 in
658 2312 839 2351 ὑπομνήμασι
854 2320 980 2342 versum
997 2310 1167 2341 correxisse
1183 2309 1227 2340 sic
1243 2309 1371 2340 dicitur:

297 2400 304 2411 e
416 2398 430 2409 υ
502 2400 516 2406 ··
543 2399 551 2409 ν
581 2399 589 2410 x
634 2398 642 2407 ι
725 2400 732 2410 ,
845 2397 853 2408 x
910 2397 918 2407 ς
946 2396 954 2407 t
971 2397 979 2408 ι
998 2396 1012 2407 η

310 2405 361 2433 Ως
376 2397 397 2429 δ’
414 2411 459 2429 0'2'2
475 2412 532 2441 ’ἵυρ
543 2410 589 2429 ἱῒί
605 2411 703 2429 oeor‘rov
718 2409 870 2441 αξίῖξίπὶς
885 2398 971 2439 Πίθέξ
1001 2410 1109 2430 Ικῆῒαι-

216 2485 269 2515 Ita
283 2486 384 2524 ignem
399 2483 485 2514 dedit
502 2493 558 2522 pro
570 2483 654 2521 fumo
665 2498 675 2518 ,·
701 2489 733 2514 et
747 2483 816 2524 quis
831 2492 896 2513 non
911 2492 986 2513 eum
1008 2481 1239 2522 ineptissimum
1261 2481 1387 2517 diceret,
1409 2480 1474 2521 qui,
1490 2479 1516 2510 si
1531 2479 1582 2510 hic
1604 2489 1712 2510 versus

215 2527 311 2567 vulgo
327 2527 424 2557 lectus
438 2533 526 2561 esset,
542 2528 581 2557 ab
597 2527 726 2567 antiquo
741 2526 834 2557 fictus
847 2525 1012 2565 rhapsodo,
1027 2526 1172 2562 alterum,
1188 2525 1242 2566 qui
1259 2535 1346 2556 nuuc
1374 2523 1498 2564 legitur,
1515 2523 1604 2554 nobis
1618 2523 1710 2554 offer·

217 2571 287 2600 ret?
311 2571 432 2601 Criseos
447 2570 505 2600 hoc
520 2569 677 2608 specimen
693 2570 740 2605 sit,
757 2568 841 2610 quod
856 2569 966 2599 doceat
985 2568 1089 2604 simul,
1105 2578 1201 2610 quam
1221 2577 1366 2599 reverens
1380 2567 1434 2597 ille
1455 2566 1552 2597 fuerit
1566 2566 1710 2597 codicum

224 2623 365 2646 suorum.
380 2622 476 2653 quam
492 2611 649 2643 interdum
664 2612 748 2643 haud
764 2612 842 2643 lenis
857 2618 1017 2642 corrector.

257 2657 279 2686 b
296 2655 346 2686 Ne
357 2661 494 2694 repetam
503 2655 609 2694 paullo
619 2662 691 2685 ante
702 2661 897 2690 memoratos,
914 2654 1048 2685 sufficiat
1061 2654 1126 2685 duo
1136 2660 1228 2685 testes
1242 2654 1322 2689 dare,
1341 2652 1500 2683 Galenum
1512 2652 1545 2682 in
1557 2652 1711 2692 Hippocr.

215 2699 254 2730 de
273 2699 343 2729 Nat.
359 2700 443 2728 hom.
460 2701 488 2728 2.
504 2697 542 2728 Τ.
561 2697 597 2727 V.
613 2708 642 2737 p.
659 2701 707 2729 17.
726 2701 851 2734 Σημεῖον,
868 2699 882 2728 b¹
897 2699 1033 2729 καλοῦσιν
1045 2699 1149 2734 ὀβελόν,
1165 2697 1211 2736 οἵῳ
1222 2699 1328 2737 σημείῳ
1343 2697 1393 2726 καὶ
1408 2696 1602 2738 Ἀρίσταρχος
1619 2696 1709 2739 ἐχρή-

216 2755 291 2773 aava
305 2742 380 2785 πξδς
396 2742 460 2775 τοὺς
477 2741 715 2778 ὑποπτευομένους
733 2742 779 2772 ὑπ’
803 2742 892 2771 αὑτοῦ
913 2741 1044 2781 στίχους,
1064 2741 1240 2771 Lucianum
1256 2750 1311 2779 pro
1338 2740 1462 2780 Imagg.
1478 2742 1528 2768 24.
1545 2738 1583 2768 T.
1602 2738 1652 2768 II.
1681 2749 1710 2778 p.

216 2789 287 2815 504.
309 2787 342 2816 Ὀ
360 2786 398 2814 τὰ
414 2785 484 2815 ¹69oe
507 2785 745 2823 ἐπισημηνάμενος
763 2785 818 2814 τῶν
833 2784 905 2814 ὶπᾶἷν
920 2787 956 2826 τῇ
980 2785 1171 2826 παραγραφῇ
1194 2784 1250 2814 σῦν
1270 2783 1385 2818 ὂβελῶν.
1431 2781 1497 2812 Hic
1511 2791 1552 2812 ne
1566 2781 1711 2811 nomina-

218 2828 274 2857 tim
289 2827 417 2867 quidem
443 2826 623 2866 appellatur,
639 2826 693 2866 qui
709 2826 787 2857 illud
803 2826 922 2857 fecerit:
950 2826 1028 2857 adeo
1053 2827 1113 2856 suit
1127 2836 1176 2856 res
1191 2826 1329 2856 celebris.
1377 2825 1535 2855 Caeterum
1551 2824 1591 2854 de
1606 2824 1664 2854 hoc
1679 2830 1709 2854 et

219 2871 344 2943 {eliqluis
358 2870 456 2911 signis
470 2869 586 2943 Ieritxcis
600 2869 633 2900 in
650 2870 830 2901 universum
845 2869 965 2900 erudite
981 2876 1049 2909 post
1063 2869 1140 2900 alios
1155 2869 1271 2900 multos
1284 2868 1486 2900 disserentem
1501 2866 1571 2899 vide
1587 2865 1708 2899 vineis.

236 2915 284 2943 ³ro
299 2923 368 2955 egg.
387 2924 416 2953 p.
434 2914 463 2944 X
491 2913 537 2944 11.
554 2923 618 2954 sqq.
