1856 3235
208 208 302 246 202
661 194 1219 244 PROLEGOMENA.

208 344 330 383 rum,
368 327 406 376 si
428 342 527 375 non
567 327 781 374 omnium
800 329 832 383 ²,
871 334 920 374 at
955 335 1086 375 certe
1125 326 1438 390 plurimortun
1478 333 1528 373 et
1565 325 1688 389 opti-

209 409 398 441 morum
423 393 585 456 Intpp.
611 392 724 440 olim
753 409 1013 439 consensus
1049 392 1267 455 emergit.

277 458 436 514 Quam
461 459 522 506 ob
545 475 661 513 rem,
688 465 744 504 ut
765 458 992 520 pleraque
1016 457 1066 503 in
1090 457 1184 504 hoc
1202 456 1312 504 loco
1330 456 1554 519 ambigua
1577 456 1687 512 sint,

209 523 365 572 videri
389 532 550 571 tamen
577 530 723 587 queat
744 523 794 568 in
819 539 877 570 eo
899 522 1052 569 latere
1093 521 1288 584 aliquid,
1326 522 1456 585 quod
1495 520 1689 584 neglec-

210 596 318 637 tum
358 589 516 636 adhuc
553 590 611 636 ab
653 587 867 643 eruditis,
903 586 1149 650 impulerit
1186 596 1374 634 veteres
1409 586 1516 633 illos
1548 594 1692 649 atque

213 656 445 718 coegerit,
481 662 537 702 ut
559 654 626 702 ibi
650 670 841 716 quoque
865 660 1003 698 notas
1029 668 1114 699 seu
1139 652 1275 714 signa
1315 652 1534 715 quaedam
1558 651 1690 698 vide-

211 728 337 776 rent,
374 737 473 768 non
496 736 659 767 veram
683 719 968 781 scripturam
990 717 1254 764 literarum.
1324 717 1492 780 Atque
1516 734 1576 764 ex
1600 716 1695 763 hoc

213 803 394 850 genere
419 794 493 833 est
513 785 564 831 in
587 784 751 848 primis
774 785 975 831 verbu-m
1000 783 1140 838 δεῖξαι,
1178 781 1314 845 cujus
1345 799 1401 829 ea
1425 794 1498 829 est
1519 782 1606 836 vis,
1642 788 1699 828 ut

211 852 292 901 vel
307 851 593 900 acerrimum
612 849 934 897 adversarium
954 848 1194 895 sententia
1211 864 1296 894 sua
1314 846 1525 910 dejiciat.
1567 847 1696 893 Nam

214 918 253 966 si
278 918 339 965 de
363 916 549 980 perlato
574 923 624 963 et
663 915 855 962 reddito
895 914 1076 977 scripto
1113 913 1392 976 loqueretur
1436 911 1695 968 Homerus,

215 990 300 1032 aut
325 982 547 1046 equidem
580 980 682 1044 ejus
718 979 1063 1043 proprietatem
1101 986 1151 1026 et
1190 977 1592 1025 consuetudinem
1630 976 1699 1023 lo-

215 1048 396 1113 quendi
436 1047 629 1110 penitus
653 1046 833 1101 nescio,
870 1052 953 1092 aut
994 1061 1103 1093 eum
1128 1043 1221 1090 alio
1256 1042 1423 1105 quovis
1448 1058 1591 1105 quam
1615 1041 1700 1089 illo

215 1115 366 1162 verbo
389 1129 588 1160 usurum
611 1111 757 1158 fuisse
781 1109 1041 1158 contendo.
1110 1109 1285 1170 Neque
1310 1124 1424 1155 vero
1459 1108 1554 1155 hoe
1595 1114 1701 1154 tan-

215 1187 321 1227 tum
347 1177 611 1233 contendo,
646 1176 735 1223 sed
758 1192 886 1238 nego
908 1182 1155 1237 praeterea,
1192 1188 1466 1235 quenquam
1488 1176 1698 1235 poetam,

215 1260 309 1291 nec
333 1243 564 1291 Graecum
583 1259 679 1289 ‘nec
708 1241 953 1295 Latinum,
991 1255 1053 1285 ne
1088 1238 1466 1285 amantissimum
1507 1237 1703 1300 quidem

216 1308 476 1357 audacium
499 1307 861 1359 vocabulorum,
897 1305 1182 1351 monstrandi
1206 1320 1291 1350 seu
1315 1303 1580 1350 ostendendi
1601 1319 1706 1350 ver-

215 1376 333 1423 bum
356 1374 570 1437 posuisse
595 1373 655 1419 de
678 1368 882 1433 epistola
904 1369 1170 1416 reddenda.
1239 1367 1408 1415 Minus
1447 1384 1525 1416 me
1557 1367 1705 1415 offen-

217 1440 358 1487 deret
380 1443 495 1500 σῆμα
517 1437 680 1484 ἰδέσθαι
703 1452 748 1483 v.
788 1440 894 1485 176.
919 1434 968 1481 in
1010 1434 1222 1482 lectione
1259 1433 1442 1497 scripti,
1480 1434 1570 1481 etsi
1609 1450 1703 1482 nec

215 1505 313 1553 hoc
337 1504 450 1552 satis
477 1501 796 1549 Homericum
826 1507 1072 1563 putarem:
1109 1516 1243 1547 nunc
1282 1506 1543 1562 utrumque
1583 1498 1706 1562 ejus-

219 1571 334 1618 dem
370 1568 561 1633 generis
603 1583 705 1615 esse
729 1574 943 1629 apparet.
1014 1565 1215 1612 Addere
1244 1564 1384 1628 plura
1406 1564 1570 1612 taedet.
1640 1564 1707 1612 U-

218 1652 338 1684 num
364 1650 596 1699 quaeram:
633 1640 925 1695 torquerene
952 1630 1113 1694 potius
1136 1637 1185 1677 et
1208 1637 1487 1693 pervertere
1511 1629 1709 1677 decebit

220 1717 491 1749 sermonem
537 1698 755 1753 Homeri,
799 1714 942 1760 quam
981 1695 1432 1759 interpretationem
1469 1702 1705 1752 veterum,

221 1783 331 1830 quae
355 1775 405 1814 et
435 1765 627 1812 illorum
653 1770 702 1811 et
725 1770 998 1810 nostrorum
1022 1770 1295 1825 temporum
1319 1760 1426 1808 usui
1450 1767 1705 1825 repugnet,

221 1831 477 1895 amplecti?

290 1897 460 1953 Qualis
484 1904 646 1944 tamen
670 1895 750 1942 ille
774 1911 876 1942 mos
900 1893 1061 1949 fuerit,
1099 1891 1257 1957 qualia
1280 1892 1416 1955 signa
1440 1890 1604 1947 Proeti,
1633 1890 1709 1938 Io-

220 1965 348 2012 batae
371 1970 650 2018 monstrata,
678 1976 892 2024 quaerere
912 1968 986 2007 est
1009 1958 1127 2006 alius
1150 1958 1262 2006 loci.
1315 1958 1522 2005 Veteres
1537 1956 1708 2004 Gram-

220 2029 385 2076 matici
427 2027 543 2092 quid
583 2026 898 2091 conjecerim,
934 2025 1226 2088 ignoramus,
1263 2023 1354 2070 nisi
1395 2022 1526 2086 quod
1565 2022 1708 2085 pauci

222 2094 415 2142 illorum
456 2093 684 2140 videntur
725 2108 782 2139 ea
816 2091 867 2138 in
908 2107 1112 2137 numero
1151 2092 1431 2154 ἱερογλυφικῶν
1470 2087 1708 2143 habuisse,

222 2158 631 2223 quemadmodum
669 2157 831 2221 plures
866 2155 1011 2203 hodie
1047 2154 1272 2203 fecerunt
1290 2153 1325 2200 ¹³.
1396 2153 1469 2200 At
1508 2151 1709 2216 Apollo-

224 2225 328 2272 dori
351 2224 514 2272 locum
540 2223 677 2270 illum
704 2239 815 2270 cum
841 2221 1042 2269 Scholiis
1062 2221 1237 2268 nostris
1257 2218 1556 2282 comparanti
1579 2217 1710 2265 haud

222 2306 353 2354 aegre
375 2289 706 2353 persuadeam,
742 2289 901 2334 πίνακα
935 2285 1116 2333 πτυκτόν
1152 2287 1210 2333 ab
1234 2285 1325 2332 illis
1348 2284 1565 2332 habitum
1606 2298 1711 2330 esse

220 2355 435 2419 ligneam
461 2362 677 2402 tesseram
699 2353 777 2401 vel
801 2353 1048 2415 symbolum
1073 2351 1298 2415 aliquem,
1325 2350 1406 2413 qui
1430 2356 1569 2397 notas
1588 2364 1711 2396 mor-

222 2420 389 2470 tiferas
412 2420 521 2468 rudi
557 2427 659 2470 arte
683 2419 855 2471 incisas
890 2418 1160 2466 habueritc.
1232 2417 1311 2464 De
1351 2414 1516 2463 tabula
1551 2420 1712 2462 cerata

267 2574 287 2594 a
308 2564 452 2595 Eustath.
468 2573 496 2602 p.
513 2566 582 2594 653.
598 2563 617 2593 l.
636 2568 666 2595 9.
713 2563 784 2596 Τινὲς
802 2570 879 2601 φασι,
903 2561 1043 2592 δύνασθαι
1066 2561 1106 2591 «τὰ
1125 2560 1175 2600 μὲν
1190 2560 1361 2603 ’γράμματα
1377 2558 1506 2589 ἐνταῦθα
1521 2556 1646 2597 σήματα
1668 2563 1714 2596 φι-

224 2607 413 2650 λοσοφώτερον
430 2608 598 2637 καλεῖσθαι·
614 2610 717 2646 σημεῖα
733 2607 792 2649 ’γὰρ
808 2606 899 2645 φωνόν
914 2606 964 2635 καὶ
982 2604 1128 2643 νοημάτων
1144 2604 1194 2634 καὶ
1212 2602 1399 2645 πραγμάτων
1411 2601 1460 2632 εἶσὶ
1477 2601 1517 2631 τὰ
1533 2599 1714 2642 γράμματα.

223 2649 275 2679 Ex
298 2649 359 2680 illis
385 2651 456 2680 τισὶν
479 2655 525 2679 est
551 2649 652 2679 Schol.
683 2648 760 2679 Cod.
788 2649 832 2683 B„
857 2648 980 2687 σήματα
1003 2646 1162 2685 explicans
1189 2645 1307 2686 vulgari
1331 2643 1426 2674 modo
1449 2642 1639 2686 yeoe'pepaoe‘roe:
1675 2651 1716 2672 ne

224 2692 432 2723 Plutarchum
448 2699 481 2723 et
498 2691 574 2721 alios
589 2692 752 2731 scriptores
766 2700 947 2725 memorem,
971 2690 1025 2731 qui
1041 2688 1136 2719 modo
1152 2687 1445 2727 Bellerophontem
1461 2686 1621 2720 ἐπιστολὴν,
1645 2694 1714 2715 mo-

223 2735 265 2766 do
281 2735 451 2778 γραίμματα
467 2735 616 2775 garriunt.

267 2780 288 2809 b
312 2779 351 2809 V.
368 2789 392 2809 c.
414 2779 570 2809 Bachetus
587 2777 695 2807 Mezir.
712 2776 753 2806 ad
771 2775 865 2807 ovid.
881 2776 961 2815 Epp.
980 2774 1111 2806 Heroid.
1131 2774 1169 2804 T.
1187 2774 1215 2804 Ι.
1235 2784 1262 2813 p.
1278 2776 1351 2804 528.
1397 2771 1507 2813 Hujus
1529 2777 1636 2802 tamen
1662 2780 1712 2801 ra-

222 2821 319 2851 tionis
334 2821 491 2861 quoddam
507 2820 672 2860 vestigium
688 2826 734 2850 est
747 2820 780 2848 in
795 2819 956 2859 exsignato
971 2818 1040 2849 loco
1055 2817 1220 2848 Eustathii.

267 2874 285 2895 c
309 2864 411 2895 Schol.
429 2864 506 2895 Cod.
529 2864 569 2894 A.
585 2863 624 2894 ad
641 2874 667 2893 v·
687 2867 755 2894 169.
779 2862 901 2904 sedabat
918 2863 977 2892 ἰστὶ
990 2862 1023 2892 τὸ
1037 2861 1124 2900 ξέναι·
1145 2860 1195 2891 οἷον
1214 2858 1260 2891 οὖν
1281 2857 1455 2902 ἐγχαράξας
1481 2856 1595 2892 εἴδωλα,
1619 2854 1652 2886 δι’
1676 2855 1715 2886 ἆυ

224 2905 276 2938 ἐῒει
291 2908 393 2947 ’γνῶναι
408 2907 455 2940 τὸν
472 2907 602 2950 mvsa&
618 2907 669 2938 τοῦ
684 2905 816 2949 Προῖτον.
862 2903 1108 2936 circumlocutio
1132 2904 1198 2935 haec
1213 2908 1259 2935 est
1274 2902 1368 2940 verbi,
1389 2899 1474 2943 quod
1492 2898 1637 2944 Apollod.
1653 2898 1709 2930 ad-
