<?xml version="1.0" encoding="UTF-8"?>
<!DOCTYPE html PUBLIC "-//W3C//DTD XHTML 1.0 Transitional//EN"
    "http://www.w3.org/TR/xhtml1/DTD/xhtml1-transitional.dtd">
<html xmlns="http://www.w3.org/1999/xhtml" xml:lang="en" lang="en">
 <head>
  <title>
</title>
<meta http-equiv="Content-Type" content="text/html;charset=utf-8" />
  <meta name='ocr-system' content='tesseract 3.04.00' />
  <meta name='ocr-capabilities' content='ocr_page ocr_carea ocr_par ocr_line ocrx_word'/>
</head>
<body>
  <div class='ocr_page' id='page_1' title='image "./operaomnia05home_0189.png"; bbox 0 0 1856 3235; ppageno 0'>
   <div class='ocr_carea' id='block_1_1' title="bbox 622 195 1650 251">
    <p class='ocr_par' dir='ltr' id='par_1_1' title="bbox 622 195 1650 251">
     <span class='ocr_line' id='line_1_1' title="bbox 622 195 1650 251; baseline 0.007 -7"><span class='ocrx_word' id='word_1_1' title='bbox 622 195 1117 245; x_wconf 88' lang='lat' dir='ltr'>PROLEGOMEN</span> <span class='ocrx_word' id='word_1_2' title='bbox 1123 199 1184 245; x_wconf 92' lang='lat' dir='ltr'>A.</span> <span class='ocrx_word' id='word_1_3' title='bbox 1561 213 1579 250; x_wconf 90' lang='lat'>1</span> <span class='ocrx_word' id='word_1_4' title='bbox 1591 211 1650 251; x_wconf 77' lang='lat'>65</span> 
     </span>
    </p>
   </div>
   <div class='ocr_carea' id='block_1_2' title="bbox 159 326 1664 1231">
    <p class='ocr_par' dir='ltr' id='par_1_2' title="bbox 159 326 1664 1231">
     <span class='ocr_line' id='line_1_2' title="bbox 167 326 1655 390; baseline 0.002 -10"><span class='ocrx_word' id='word_1_5' title='bbox 167 333 229 380; x_wconf 82' lang='lat' dir='ltr'>ad</span> <span class='ocrx_word' id='word_1_6' title='bbox 247 332 547 384; x_wconf 82' lang='lat' dir='ltr'>Zenodotum‚</span> <span class='ocrx_word' id='word_1_7' title='bbox 567 328 649 390; x_wconf 91' lang='lat' dir='ltr'>qui</span> <span class='ocrx_word' id='word_1_8' title='bbox 671 327 854 390; x_wconf 88' lang='lat' dir='ltr'>primus</span> <span class='ocrx_word' id='word_1_9' title='bbox 878 344 939 374; x_wconf 84' lang='lat' dir='ltr'>ex</span> <span class='ocrx_word' id='word_1_10' title='bbox 963 326 1309 376; x_wconf 77' lang='lat' dir='ltr'>Grammaticis</span> <span class='ocrx_word' id='word_1_11' title='bbox 1335 333 1517 381; x_wconf 84' lang='lat' dir='ltr'>criticae</span> <span class='ocrx_word' id='word_1_12' title='bbox 1551 334 1655 383; x_wconf 94' lang='lat' dir='ltr'>Ho-</span> 
     </span>
     <span class='ocr_line' id='line_1_3' title="bbox 167 392 1656 456; baseline 0.002 -10"><span class='ocrx_word' id='word_1_13' title='bbox 167 398 360 446; x_wconf 90' lang='lat' dir='ltr'>mericae</span> <span class='ocrx_word' id='word_1_14' title='bbox 385 393 700 442; x_wconf 83' lang='lat' dir='ltr'>celebriorem</span> <span class='ocrx_word' id='word_1_15' title='bbox 739 392 869 439; x_wconf 88' lang='lat' dir='ltr'>viam</span> <span class='ocrx_word' id='word_1_16' title='bbox 893 393 1106 456; x_wconf 84' lang='lat' dir='ltr'>aperuit3</span> <span class='ocrx_word' id='word_1_17' title='bbox 1147 393 1245 440; x_wconf 91' lang='lat' dir='ltr'><strong>III.</strong></span> <span class='ocrx_word' id='word_1_18' title='bbox 1279 412 1308 441; x_wconf 89' lang='lat' dir='ltr'>a</span> <span class='ocrx_word' id='word_1_19' title='bbox 1330 398 1568 447; x_wconf 79' lang='lat' dir='ltr'>Zenodoto</span> <span class='ocrx_word' id='word_1_20' title='bbox 1593 401 1656 448; x_wconf 86' lang='lat' dir='ltr'>ad</span> 
     </span>
     <span class='ocr_line' id='line_1_4' title="bbox 166 458 1658 526; baseline 0.003 -16"><span class='ocrx_word' id='word_1_21' title='bbox 166 464 410 526; x_wconf 80' lang='lat' dir='ltr'>Apionem,</span> <span class='ocrx_word' id='word_1_22' title='bbox 433 465 632 522; x_wconf 89' lang='lat' dir='ltr'>propter</span> <span class='ocrx_word' id='word_1_23' title='bbox 651 465 805 505; x_wconf 89' lang='lat' dir='ltr'>artem</span> <span class='ocrx_word' id='word_1_24' title='bbox 823 458 1180 521; x_wconf 86' lang='lat' dir='ltr'>interpretandi</span> <span class='ocrx_word' id='word_1_25' title='bbox 1203 463 1381 523; x_wconf 72' lang='lat' dir='ltr'>poetae‚</span> <span class='ocrx_word' id='word_1_26' title='bbox 1400 472 1455 510; x_wconf 92' lang='lat' dir='ltr'>ut</span> <span class='ocrx_word' id='word_1_27' title='bbox 1472 465 1658 514; x_wconf 81' lang='lat' dir='ltr'>Seneca</span> 
     </span>
     <span class='ocr_line' id='line_1_5' title="bbox 166 523 1657 584; baseline 0.002 -8"><span class='ocrx_word' id='word_1_28' title='bbox 166 527 350 584; x_wconf 85' lang='lat' dir='ltr'>scribit,</span> <span class='ocrx_word' id='word_1_29' title='bbox 373 533 478 572; x_wconf 82' lang='lat' dir='ltr'>tota</span> <span class='ocrx_word' id='word_1_30' title='bbox 513 523 709 571; x_wconf 84' lang='lat' dir='ltr'>Graecia</span> <span class='ocrx_word' id='word_1_31' title='bbox 732 523 1096 582; x_wconf 83' lang='lat' dir='ltr'>circumlatum3</span> <span class='ocrx_word' id='word_1_32' title='bbox 1137 524 1226 572; x_wconf 89' lang='lat' dir='ltr'>IV.</span> <span class='ocrx_word' id='word_1_33' title='bbox 1253 526 1311 572; x_wconf 88' lang='lat' dir='ltr'>ab</span> <span class='ocrx_word' id='word_1_34' title='bbox 1335 526 1430 575; x_wconf 91' lang='lat' dir='ltr'>hoc</span> <span class='ocrx_word' id='word_1_35' title='bbox 1454 529 1568 578; x_wconf 87' lang='lat' dir='ltr'>inde</span> <span class='ocrx_word' id='word_1_36' title='bbox 1595 533 1657 579; x_wconf 81' lang='lat' dir='ltr'>ad</span> 
     </span>
     <span class='ocr_line' id='line_1_6' title="bbox 163 588 1657 656; baseline 0.001 -14"><span class='ocrx_word' id='word_1_37' title='bbox 163 592 434 654; x_wconf 76' lang='lat' dir='ltr'>Longinum</span> <span class='ocrx_word' id='word_1_38' title='bbox 457 606 513 636; x_wconf 86' lang='lat' dir='ltr'>ac</span> <span class='ocrx_word' id='word_1_39' title='bbox 540 588 832 652; x_wconf 86' lang='lat' dir='ltr'>discipulum</span> <span class='ocrx_word' id='word_1_40' title='bbox 857 588 977 652; x_wconf 85' lang='lat' dir='ltr'>ejus,</span> <span class='ocrx_word' id='word_1_41' title='bbox 999 591 1343 652; x_wconf 72' lang='lat' dir='ltr'>Porphyrium,</span> <span class='ocrx_word' id='word_1_42' title='bbox 1362 609 1389 639; x_wconf 88' lang='lat' dir='ltr'>a</span> <span class='ocrx_word' id='word_1_43' title='bbox 1407 610 1503 656; x_wconf 89' lang='lat' dir='ltr'>qno</span> <span class='ocrx_word' id='word_1_44' title='bbox 1527 605 1657 644; x_wconf 89' lang='lat' dir='ltr'>utro-</span> 
     </span>
     <span class='ocr_line' id='line_1_7' title="bbox 165 655 1660 724; baseline 0.003 -19"><span class='ocrx_word' id='word_1_45' title='bbox 165 674 258 722; x_wconf 90' lang='lat' dir='ltr'>que</span> <span class='ocrx_word' id='word_1_46' title='bbox 271 656 420 704; x_wconf 90' lang='lat' dir='ltr'>lectio</span> <span class='ocrx_word' id='word_1_47' title='bbox 437 663 487 704; x_wconf 92' lang='lat' dir='ltr'>et</span> <span class='ocrx_word' id='word_1_48' title='bbox 504 655 844 719; x_wconf 83' lang='lat' dir='ltr'>interpretatio</span> <span class='ocrx_word' id='word_1_49' title='bbox 865 655 1073 703; x_wconf 84' lang='lat' dir='ltr'>Homeri</span> <span class='ocrx_word' id='word_1_50' title='bbox 1092 657 1301 719; x_wconf 86' lang='lat' dir='ltr'>quodam</span> <span class='ocrx_word' id='word_1_51' title='bbox 1327 660 1474 706; x_wconf 88' lang='lat' dir='ltr'>modo</span> <span class='ocrx_word' id='word_1_52' title='bbox 1493 661 1660 724; x_wconf 82' lang='lat' dir='ltr'>adjuta</span> 
     </span>
     <span class='ocr_line' id='line_1_8' title="bbox 164 720 1660 789; baseline 0.002 -18"><span class='ocrx_word' id='word_1_53' title='bbox 164 731 262 782; x_wconf 90' lang='lat' dir='ltr'>est;</span> <span class='ocrx_word' id='word_1_54' title='bbox 288 722 354 770; x_wconf 91' lang='lat' dir='ltr'>V.</span> <span class='ocrx_word' id='word_1_55' title='bbox 375 738 403 768; x_wconf 90' lang='lat' dir='ltr'>a</span> <span class='ocrx_word' id='word_1_56' title='bbox 422 721 696 783; x_wconf 70' lang='lat' dir='ltr'>Porplzyrio</span> <span class='ocrx_word' id='word_1_57' title='bbox 716 737 869 784; x_wconf 92' lang='lat' dir='ltr'>usque</span> <span class='ocrx_word' id='word_1_58' title='bbox 888 720 951 767; x_wconf 84' lang='lat' dir='ltr'>ad</span> <span class='ocrx_word' id='word_1_59' title='bbox 969 729 1218 769; x_wconf 87' lang='lat' dir='ltr'>auctorem</span> <span class='ocrx_word' id='word_1_60' title='bbox 1235 723 1462 772; x_wconf 85' lang='lat' dir='ltr'>editionis</span> <span class='ocrx_word' id='word_1_61' title='bbox 1481 727 1660 789; x_wconf 88' lang='lat' dir='ltr'>princi-</span> 
     </span>
     <span class='ocr_line' id='line_1_9' title="bbox 162 786 1664 853; baseline 0.003 -17"><span class='ocrx_word' id='word_1_62' title='bbox 162 789 256 853; x_wconf 87' lang='lat' dir='ltr'>pis,</span> <span class='ocrx_word' id='word_1_63' title='bbox 281 788 572 836; x_wconf 82' lang='lat' dir='ltr'>Demetrium</span> <span class='ocrx_word' id='word_1_64' title='bbox 588 787 946 847; x_wconf 75' lang='lat' dir='ltr'>Chalcondylen‚</span> <span class='ocrx_word' id='word_1_65' title='bbox 968 786 1324 835; x_wconf 88' lang='lat' dir='ltr'>Atheniensem</span> <span class='ocrx_word' id='word_1_66' title='bbox 1345 810 1358 848; x_wconf 90' lang='lat'>;</span> <span class='ocrx_word' id='word_1_67' title='bbox 1381 790 1472 837; x_wconf 85' lang='lat' dir='ltr'>VI.</span> <span class='ocrx_word' id='word_1_68' title='bbox 1491 791 1664 840; x_wconf 88' lang='lat' dir='ltr'>horum</span> 
     </span>
     <span class='ocr_line' id='line_1_10' title="bbox 163 851 1661 917; baseline 0.003 -16"><span class='ocrx_word' id='word_1_69' title='bbox 163 854 311 902; x_wconf 90' lang='lat' dir='ltr'>trium</span> <span class='ocrx_word' id='word_1_70' title='bbox 335 852 668 917; x_wconf 85' lang='lat' dir='ltr'>proximorum</span> <span class='ocrx_word' id='word_1_71' title='bbox 692 851 1000 910; x_wconf 85' lang='lat' dir='ltr'>saeculorum,</span> <span class='ocrx_word' id='word_1_72' title='bbox 1036 852 1210 916; x_wconf 88' lang='lat' dir='ltr'>quibus</span> <span class='ocrx_word' id='word_1_73' title='bbox 1238 853 1484 904; x_wconf 87' lang='lat' dir='ltr'>Homerus</span> <span class='ocrx_word' id='word_1_74' title='bbox 1518 859 1661 906; x_wconf 83' lang='lat' dir='ltr'>variis</span> 
     </span>
     <span class='ocr_line' id='line_1_11' title="bbox 165 917 1662 987; baseline 0.003 -20"><span class='ocrx_word' id='word_1_75' title='bbox 165 920 319 967; x_wconf 90' lang='lat' dir='ltr'>modis</span> <span class='ocrx_word' id='word_1_76' title='bbox 342 919 540 983; x_wconf 86' lang='lat' dir='ltr'>ingenia</span> <span class='ocrx_word' id='word_1_77' title='bbox 561 920 773 965; x_wconf 89' lang='lat' dir='ltr'>virorum</span> <span class='ocrx_word' id='word_1_78' title='bbox 814 917 1069 965; x_wconf 84' lang='lat' dir='ltr'>doctorum</span> <span class='ocrx_word' id='word_1_79' title='bbox 1105 926 1155 966; x_wconf 86' lang='lat' dir='ltr'>et</span> <span class='ocrx_word' id='word_1_80' title='bbox 1190 919 1402 968; x_wconf 87' lang='lat' dir='ltr'>officinas</span> <span class='ocrx_word' id='word_1_81' title='bbox 1435 930 1662 987; x_wconf 82' lang='lat' dir='ltr'>typogra-</span> 
     </span>
     <span class='ocr_line' id='line_1_12' title="bbox 161 983 1662 1051; baseline 0.003 -19"><span class='ocrx_word' id='word_1_82' title='bbox 161 986 368 1049; x_wconf 87' lang='lat' dir='ltr'>phorum</span> <span class='ocrx_word' id='word_1_83' title='bbox 405 985 623 1032; x_wconf 85' lang='lat' dir='ltr'>exercuit</span> <span class='ocrx_word' id='word_1_84' title='bbox 641 987 674 1030; x_wconf 68' lang='lat'>³.</span> <span class='ocrx_word' id='word_1_85' title='bbox 746 983 871 1031; x_wconf 81' lang='lat' dir='ltr'>Haec</span> <span class='ocrx_word' id='word_1_86' title='bbox 898 985 1028 1047; x_wconf 92' lang='lat' dir='ltr'>prior</span> <span class='ocrx_word' id='word_1_87' title='bbox 1060 1000 1167 1047; x_wconf 88' lang='lat' dir='ltr'>pars</span> <span class='ocrx_word' id='word_1_88' title='bbox 1192 986 1283 1033; x_wconf 91' lang='lat' dir='ltr'>erit</span> <span class='ocrx_word' id='word_1_89' title='bbox 1322 986 1465 1051; x_wconf 85' lang='lat' dir='ltr'>hujus</span> <span class='ocrx_word' id='word_1_90' title='bbox 1490 989 1662 1037; x_wconf 86' lang='lat' dir='ltr'>Praefa-</span> 
     </span>
     <span class='ocr_line' id='line_1_13' title="bbox 159 1049 1661 1115; baseline 0.003 -17"><span class='ocrx_word' id='word_1_91' title='bbox 159 1052 326 1110; x_wconf 84' lang='lat' dir='ltr'>tionis3</span> <span class='ocrx_word' id='word_1_92' title='bbox 364 1051 600 1115; x_wconf 86' lang='lat' dir='ltr'>posterior</span> <span class='ocrx_word' id='word_1_93' title='bbox 622 1051 672 1097; x_wconf 91' lang='lat' dir='ltr'>in</span> <span class='ocrx_word' id='word_1_94' title='bbox 692 1049 863 1107; x_wconf 86' lang='lat' dir='ltr'>causis,</span> <span class='ocrx_word' id='word_1_95' title='bbox 889 1051 1061 1113; x_wconf 90' lang='lat' dir='ltr'>quibus</span> <span class='ocrx_word' id='word_1_96' title='bbox 1089 1049 1352 1100; x_wconf 86' lang='lat' dir='ltr'>Homerica</span> <span class='ocrx_word' id='word_1_97' title='bbox 1383 1054 1661 1103; x_wconf 87' lang='lat' dir='ltr'>emendatio</span> 
     </span>
     <span class='ocr_line' id='line_1_14' title="bbox 162 1115 1660 1184; baseline 0.003 -20"><span class='ocrx_word' id='word_1_98' title='bbox 162 1118 361 1174; x_wconf 82' lang='lat' dir='ltr'>nitatur,</span> <span class='ocrx_word' id='word_1_99' title='bbox 385 1116 771 1180; x_wconf 83' lang='lat' dir='ltr'>gravissimisque</span> <span class='ocrx_word' id='word_1_100' title='bbox 797 1123 847 1163; x_wconf 89' lang='lat' dir='ltr'>et</span> <span class='ocrx_word' id='word_1_101' title='bbox 867 1116 1070 1179; x_wconf 91' lang='lat' dir='ltr'>propriis</span> <span class='ocrx_word' id='word_1_102' title='bbox 1095 1115 1198 1179; x_wconf 87' lang='lat' dir='ltr'>ejus</span> <span class='ocrx_word' id='word_1_103' title='bbox 1221 1117 1410 1182; x_wconf 82' lang='lat' dir='ltr'>legibus</span> <span class='ocrx_word' id='word_1_104' title='bbox 1442 1127 1587 1184; x_wconf 85' lang='lat' dir='ltr'>atque</span> <span class='ocrx_word' id='word_1_105' title='bbox 1610 1122 1660 1169; x_wconf 92' lang='lat' dir='ltr'>in</span> 
     </span>
     <span class='ocr_line' id='line_1_15' title="bbox 162 1181 1347 1231; baseline 0 -3"><span class='ocrx_word' id='word_1_106' title='bbox 162 1183 348 1231; x_wconf 87' lang='lat' dir='ltr'>ratione</span> <span class='ocrx_word' id='word_1_107' title='bbox 373 1181 559 1231; x_wconf 88' lang='lat' dir='ltr'>consilii</span> <span class='ocrx_word' id='word_1_108' title='bbox 584 1182 736 1230; x_wconf 89' lang='lat' dir='ltr'>nostri</span> <span class='ocrx_word' id='word_1_109' title='bbox 759 1181 1011 1229; x_wconf 85' lang='lat' dir='ltr'>reddenda</span> <span class='ocrx_word' id='word_1_110' title='bbox 1034 1183 1316 1231; x_wconf 86' lang='lat' dir='ltr'>versabitur.</span> <span class='ocrx_word' id='word_1_111' title='bbox 1345 1226 1347 1228; x_wconf 84' lang='lat'>.</span> 
     </span>
    </p>
   </div>
   <div class='ocr_carea' id='block_1_3' title="bbox 734 1413 1097 1469">
    <p class='ocr_par' dir='ltr' id='par_1_3' title="bbox 734 1413 1097 1469">
     <span class='ocr_line' id='line_1_16' title="bbox 734 1413 1097 1469; baseline -0.003 -3"><span class='ocrx_word' id='word_1_112' title='bbox 734 1413 979 1469; x_wconf 87' lang='lat' dir='ltr'><strong>PARS</strong></span> <span class='ocrx_word' id='word_1_113' title='bbox 1059 1414 1097 1465; x_wconf 91' lang='grc' dir='ltr'>Ι.</span> 
     </span>
    </p>
   </div>
   <div class='ocr_carea' id='block_1_4' title="bbox 839 1587 988 1634">
    <p class='ocr_par' dir='ltr' id='par_1_4' title="bbox 839 1587 988 1634">
     <span class='ocr_line' id='line_1_17' title="bbox 839 1587 988 1634; baseline 0 0"><span class='ocrx_word' id='word_1_114' title='bbox 839 1587 988 1634; x_wconf 84' lang='lat' dir='ltr'><strong>VIII.</strong></span> 
     </span>
    </p>
   </div>
   <div class='ocr_carea' id='block_1_5' title="bbox 167 1718 1668 2177">
    <p class='ocr_par' dir='ltr' id='par_1_5' title="bbox 167 1718 1668 2177">
     <span class='ocr_line' id='line_1_18' title="bbox 167 1718 1666 1784; baseline 0.005 -19"><span class='ocrx_word' id='word_1_115' title='bbox 167 1746 170 1749; x_wconf 22' lang='grc' dir='ltr'><strong>Δ</strong></span> <span class='ocrx_word' id='word_1_116' title='bbox 232 1719 340 1769; x_wconf 88' lang='lat' dir='ltr'>Jam</span> <span class='ocrx_word' id='word_1_117' title='bbox 377 1718 585 1783; x_wconf 88' lang='lat' dir='ltr'>primum</span> <span class='ocrx_word' id='word_1_118' title='bbox 611 1719 781 1766; x_wconf 82' lang='lat' dir='ltr'>subeat</span> <span class='ocrx_word' id='word_1_119' title='bbox 821 1719 999 1776; x_wconf 81' lang='lat' dir='ltr'>mirari,</span> <span class='ocrx_word' id='word_1_120' title='bbox 1030 1736 1133 1777; x_wconf 84' lang='lat' dir='ltr'>cur,</span> <span class='ocrx_word' id='word_1_121' title='bbox 1176 1736 1324 1784; x_wconf 91' lang='lat' dir='ltr'>quum</span> <span class='ocrx_word' id='word_1_122' title='bbox 1349 1730 1446 1770; x_wconf 87' lang='lat' dir='ltr'>tam</span> <span class='ocrx_word' id='word_1_123' title='bbox 1471 1731 1577 1772; x_wconf 76' lang='lat' dir='ltr'>raro</span> <span class='ocrx_word' id='word_1_124' title='bbox 1617 1726 1666 1773; x_wconf 87' lang='lat' dir='ltr'>in</span> 
     </span>
     <span class='ocr_line' id='line_1_19' title="bbox 171 1784 1666 1854; baseline 0.004 -21"><span class='ocrx_word' id='word_1_125' title='bbox 171 1785 390 1833; x_wconf 90' lang='lat' dir='ltr'>Homero</span> <span class='ocrx_word' id='word_1_126' title='bbox 413 1785 634 1848; x_wconf 83' lang='lat' dir='ltr'>graviora</span> <span class='ocrx_word' id='word_1_127' title='bbox 657 1785 774 1832; x_wconf 82' lang='lat' dir='ltr'>vitia</span> <span class='ocrx_word' id='word_1_128' title='bbox 798 1784 1067 1843; x_wconf 84' lang='lat' dir='ltr'>offendant,</span> <span class='ocrx_word' id='word_1_129' title='bbox 1091 1794 1283 1834; x_wconf 84' lang='lat' dir='ltr'>tantum</span> <span class='ocrx_word' id='word_1_130' title='bbox 1307 1796 1471 1836; x_wconf 83' lang='lat' dir='ltr'>tamen</span> <span class='ocrx_word' id='word_1_131' title='bbox 1507 1807 1666 1854; x_wconf 78' lang='lat' dir='ltr'>operae</span> 
     </span>
     <span class='ocr_line' id='line_1_20' title="bbox 167 1849 1666 1918; baseline 0.004 -20"><span class='ocrx_word' id='word_1_132' title='bbox 167 1853 218 1898; x_wconf 89' lang='lat' dir='ltr'>in</span> <span class='ocrx_word' id='word_1_133' title='bbox 253 1851 554 1899; x_wconf 89' lang='lat' dir='ltr'>correctione</span> <span class='ocrx_word' id='word_1_134' title='bbox 594 1849 695 1913; x_wconf 86' lang='lat' dir='ltr'>ejus</span> <span class='ocrx_word' id='word_1_135' title='bbox 734 1851 1017 1914; x_wconf 88' lang='lat' dir='ltr'>ponendum</span> <span class='ocrx_word' id='word_1_136' title='bbox 1053 1859 1276 1899; x_wconf 86' lang='lat' dir='ltr'>statuam.</span> <span class='ocrx_word' id='word_1_137' title='bbox 1348 1854 1666 1918; x_wconf 88' lang='lat' dir='ltr'>Apollonium</span> 
     </span>
     <span class='ocr_line' id='line_1_21' title="bbox 170 1916 1667 1985; baseline 0.005 -21"><span class='ocrx_word' id='word_1_138' title='bbox 170 1916 420 1964; x_wconf 90' lang='lat' dir='ltr'>Rhodium</span> <span class='ocrx_word' id='word_1_139' title='bbox 445 1916 711 1974; x_wconf 84' lang='lat' dir='ltr'>contende,</span> <span class='ocrx_word' id='word_1_140' title='bbox 739 1917 987 1979; x_wconf 90' lang='lat' dir='ltr'>quomodo</span> <span class='ocrx_word' id='word_1_141' title='bbox 1012 1925 1125 1965; x_wconf 84' lang='lat' dir='ltr'>ante</span> <span class='ocrx_word' id='word_1_142' title='bbox 1152 1919 1450 1967; x_wconf 85' lang='lat' dir='ltr'>Brunckium</span> <span class='ocrx_word' id='word_1_143' title='bbox 1475 1921 1667 1985; x_wconf 83' lang='lat' dir='ltr'>legeba-</span> 
     </span>
     <span class='ocr_line' id='line_1_22' title="bbox 168 1981 1668 2045; baseline 0.004 -16"><span class='ocrx_word' id='word_1_144' title='bbox 168 1991 265 2040; x_wconf 85' lang='lat' dir='ltr'>tur,</span> <span class='ocrx_word' id='word_1_145' title='bbox 289 1981 367 2030; x_wconf 89' lang='lat' dir='ltr'>vel</span> <span class='ocrx_word' id='word_1_146' title='bbox 393 1982 567 2038; x_wconf 81' lang='lat' dir='ltr'>Quinti</span> <span class='ocrx_word' id='word_1_147' title='bbox 593 1981 827 2045; x_wconf 83' lang='lat' dir='ltr'>Smyrnaei</span> <span class='ocrx_word' id='word_1_148' title='bbox 853 1983 997 2030; x_wconf 87' lang='lat' dir='ltr'>etiam</span> <span class='ocrx_word' id='word_1_149' title='bbox 1021 2000 1154 2030; x_wconf 89' lang='lat' dir='ltr'>nunc</span> <span class='ocrx_word' id='word_1_150' title='bbox 1190 1986 1554 2034; x_wconf 87' lang='lat' dir='ltr'>mendosissima</span> <span class='ocrx_word' id='word_1_151' title='bbox 1589 2005 1668 2036; x_wconf 85' lang='lat' dir='ltr'>ex-</span> 
     </span>
     <span class='ocr_line' id='line_1_23' title="bbox 172 2047 1666 2115; baseline 0.005 -20"><span class='ocrx_word' id='word_1_152' title='bbox 172 2047 420 2111; x_wconf 80' lang='lat' dir='ltr'>emplaria3</span> <span class='ocrx_word' id='word_1_153' title='bbox 459 2064 572 2095; x_wconf 86' lang='lat' dir='ltr'>sane</span> <span class='ocrx_word' id='word_1_154' title='bbox 598 2063 697 2094; x_wconf 92' lang='lat' dir='ltr'>non</span> <span class='ocrx_word' id='word_1_155' title='bbox 732 2055 912 2111; x_wconf 83' lang='lat' dir='ltr'>poterlt</span> <span class='ocrx_word' id='word_1_156' title='bbox 935 2057 1012 2096; x_wconf 92' lang='lat' dir='ltr'>tot</span> <span class='ocrx_word' id='word_1_157' title='bbox 1046 2049 1231 2097; x_wconf 83' lang='lat' dir='ltr'>saeculis</span> <span class='ocrx_word' id='word_1_158' title='bbox 1255 2052 1498 2115; x_wconf 84' lang='lat' dir='ltr'>antiquior</span> <span class='ocrx_word' id='word_1_159' title='bbox 1531 2062 1666 2102; x_wconf 83' lang='lat' dir='ltr'>vates</span> 
     </span>
     <span class='ocr_line' id='line_1_24' title="bbox 172 2114 1668 2177; baseline 0.005 -16"><span class='ocrx_word' id='word_1_160' title='bbox 172 2130 270 2161; x_wconf 91' lang='lat' dir='ltr'>non</span> <span class='ocrx_word' id='word_1_161' title='bbox 311 2120 361 2160; x_wconf 84' lang='lat' dir='ltr'>et</span> <span class='ocrx_word' id='word_1_162' title='bbox 399 2114 739 2177; x_wconf 80' lang='lat' dir='ltr'>integerrimus</span> <span class='ocrx_word' id='word_1_163' title='bbox 786 2114 941 2161; x_wconf 87' lang='lat' dir='ltr'>videri</span> <span class='ocrx_word' id='word_1_164' title='bbox 980 2122 1030 2162; x_wconf 90' lang='lat' dir='ltr'>et</span> <span class='ocrx_word' id='word_1_165' title='bbox 1072 2116 1506 2166; x_wconf 82' lang='lat' dir='ltr'>emendatissimus.</span> <span class='ocrx_word' id='word_1_166' title='bbox 1594 2120 1668 2168; x_wconf 88' lang='lat' dir='ltr'>At</span> 
     </span>
    </p>
   </div>
   <div class='ocr_carea' id='block_1_6' title="bbox 164 2243 1672 2937">
    <p class='ocr_par' dir='ltr' id='par_1_6' title="bbox 164 2243 1672 2937">
     <span class='ocr_line' id='line_1_25' title="bbox 169 2243 1666 2287; baseline 0.005 -13"><span class='ocrx_word' id='word_1_167' title='bbox 169 2270 172 2274; x_wconf 92' lang='lat'>.</span> <span class='ocrx_word' id='word_1_168' title='bbox 212 2254 231 2274; x_wconf 84' lang='lat' dir='ltr'>a</span> <span class='ocrx_word' id='word_1_169' title='bbox 248 2243 330 2274; x_wconf 81' lang='lat' dir='ltr'>Hoec</span> <span class='ocrx_word' id='word_1_170' title='bbox 356 2254 421 2274; x_wconf 85' lang='lat' dir='ltr'>una</span> <span class='ocrx_word' id='word_1_171' title='bbox 445 2251 602 2283; x_wconf 85' lang='lat' dir='ltr'>postrema</span> <span class='ocrx_word' id='word_1_172' title='bbox 627 2251 708 2279; x_wconf 76' lang='lat' dir='ltr'>aetas,</span> <span class='ocrx_word' id='word_1_173' title='bbox 724 2255 821 2286; x_wconf 90' lang='lat' dir='ltr'>quam</span> <span class='ocrx_word' id='word_1_174' title='bbox 847 2246 879 2276; x_wconf 92' lang='lat' dir='ltr'>in</span> <span class='ocrx_word' id='word_1_175' title='bbox 903 2246 1021 2278; x_wconf 83' lang='lat' dir='ltr'>caeteris</span> <span class='ocrx_word' id='word_1_176' title='bbox 1046 2246 1246 2287; x_wconf 85' lang='lat' dir='ltr'>scriptoribus</span> <span class='ocrx_word' id='word_1_177' title='bbox 1279 2248 1409 2280; x_wconf 87' lang='lat' dir='ltr'>historia</span> <span class='ocrx_word' id='word_1_178' title='bbox 1437 2249 1572 2282; x_wconf 80' lang='lat' dir='ltr'>literaria</span> <span class='ocrx_word' id='word_1_179' title='bbox 1597 2262 1666 2282; x_wconf 87' lang='lat' dir='ltr'>raro</span> 
     </span>
     <span class='ocr_line' id='line_1_26' title="bbox 171 2287 1666 2334; baseline 0.006 -17"><span class='ocrx_word' id='word_1_180' title='bbox 171 2287 338 2328; x_wconf 85' lang='lat' dir='ltr'>egreditur,</span> <span class='ocrx_word' id='word_1_181' title='bbox 363 2294 486 2317; x_wconf 80' lang='lat' dir='ltr'>tantum</span> <span class='ocrx_word' id='word_1_182' title='bbox 513 2295 700 2326; x_wconf 87' lang='lat' dir='ltr'>proventum</span> <span class='ocrx_word' id='word_1_183' title='bbox 716 2289 809 2319; x_wconf 83' lang='lat' dir='ltr'>habet</span> <span class='ocrx_word' id='word_1_184' title='bbox 831 2289 935 2320; x_wconf 89' lang='lat' dir='ltr'>omnis</span> <span class='ocrx_word' id='word_1_185' title='bbox 959 2291 1082 2330; x_wconf 85' lang='lat' dir='ltr'>generis</span> <span class='ocrx_word' id='word_1_186' title='bbox 1105 2291 1264 2327; x_wconf 86' lang='lat' dir='ltr'>librorum,</span> <span class='ocrx_word' id='word_1_187' title='bbox 1292 2298 1328 2322; x_wconf 85' lang='lat' dir='ltr'>ut</span> <span class='ocrx_word' id='word_1_188' title='bbox 1343 2292 1450 2323; x_wconf 82' lang='lat' dir='ltr'>titulos</span> <span class='ocrx_word' id='word_1_189' title='bbox 1472 2304 1581 2325; x_wconf 84' lang='lat' dir='ltr'>eorum</span> <span class='ocrx_word' id='word_1_190' title='bbox 1598 2306 1666 2334; x_wconf 87' lang='lat' dir='ltr'>per-</span> 
     </span>
     <span class='ocr_line' id='line_1_27' title="bbox 171 2331 1668 2373; baseline 0.006 -14"><span class='ocrx_word' id='word_1_191' title='bbox 171 2340 295 2360; x_wconf 86' lang='lat' dir='ltr'>censere</span> <span class='ocrx_word' id='word_1_192' title='bbox 312 2339 464 2370; x_wconf 89' lang='lat' dir='ltr'>magnum</span> <span class='ocrx_word' id='word_1_193' title='bbox 480 2331 644 2370; x_wconf 81' lang='lat' dir='ltr'>negotium</span> <span class='ocrx_word' id='word_1_194' title='bbox 659 2331 708 2361; x_wconf 86' lang='lat' dir='ltr'>sit.</span> <span class='ocrx_word' id='word_1_195' title='bbox 755 2332 885 2363; x_wconf 87' lang='lat' dir='ltr'>Curavit</span> <span class='ocrx_word' id='word_1_196' title='bbox 910 2332 942 2363; x_wconf 92' lang='lat' dir='ltr'>id</span> <span class='ocrx_word' id='word_1_197' title='bbox 958 2344 1059 2373; x_wconf 87' lang='lat' dir='ltr'>nuper</span> <span class='ocrx_word' id='word_1_198' title='bbox 1074 2344 1174 2364; x_wconf 84' lang='lat' dir='ltr'>novus</span> <span class='ocrx_word' id='word_1_199' title='bbox 1197 2334 1310 2365; x_wconf 84' lang='lat' dir='ltr'>Editor</span> <span class='ocrx_word' id='word_1_200' title='bbox 1336 2335 1537 2368; x_wconf 75' lang='lat' dir='ltr'>Bibliothecae</span> <span class='ocrx_word' id='word_1_201' title='bbox 1561 2338 1668 2368; x_wconf 84' lang='lat' dir='ltr'>Fabri-</span> 
     </span>
     <span class='ocr_line' id='line_1_28' title="bbox 169 2373 1670 2416; baseline 0.005 -13"><span class='ocrx_word' id='word_1_202' title='bbox 169 2373 268 2403; x_wconf 85' lang='lat' dir='ltr'>cianae</span> <span class='ocrx_word' id='word_1_203' title='bbox 283 2373 406 2411; x_wconf 87' lang='lat' dir='ltr'>copiose</span> <span class='ocrx_word' id='word_1_204' title='bbox 421 2379 451 2402; x_wconf 91' lang='lat' dir='ltr'>et</span> <span class='ocrx_word' id='word_1_205' title='bbox 466 2380 624 2410; x_wconf 85' lang='lat' dir='ltr'>accurate;</span> <span class='ocrx_word' id='word_1_206' title='bbox 652 2384 753 2414; x_wconf 90' lang='lat' dir='ltr'>neque</span> <span class='ocrx_word' id='word_1_207' title='bbox 768 2374 822 2405; x_wconf 88' lang='lat' dir='ltr'>ille</span> <span class='ocrx_word' id='word_1_208' title='bbox 837 2382 942 2406; x_wconf 81' lang='lat' dir='ltr'>tamen</span> <span class='ocrx_word' id='word_1_209' title='bbox 962 2376 997 2406; x_wconf 91' lang='lat' dir='ltr'>in</span> <span class='ocrx_word' id='word_1_210' title='bbox 1014 2376 1195 2416; x_wconf 78' lang='lat' dir='ltr'>judicandis</span> <span class='ocrx_word' id='word_1_211' title='bbox 1217 2378 1434 2409; x_wconf 81' lang='lat' dir='ltr'>instrumentis</span> <span class='ocrx_word' id='word_1_212' title='bbox 1449 2380 1493 2410; x_wconf 85' lang='lat' dir='ltr'>rei</span> <span class='ocrx_word' id='word_1_213' title='bbox 1510 2381 1624 2412; x_wconf 87' lang='lat' dir='ltr'>criticae</span> <span class='ocrx_word' id='word_1_214' title='bbox 1639 2388 1670 2412; x_wconf 90' lang='lat' dir='ltr'>et</span> 
     </span>
     <span class='ocr_line' id='line_1_29' title="bbox 171 2416 1669 2461; baseline 0.005 -15"><span class='ocrx_word' id='word_1_215' title='bbox 171 2416 275 2447; x_wconf 87' lang='lat' dir='ltr'>indice</span> <span class='ocrx_word' id='word_1_216' title='bbox 304 2416 479 2446; x_wconf 82' lang='lat' dir='ltr'>editionum</span> <span class='ocrx_word' id='word_1_217' title='bbox 506 2416 574 2446; x_wconf 87' lang='lat' dir='ltr'>aliis</span> <span class='ocrx_word' id='word_1_218' title='bbox 590 2416 671 2446; x_wconf 89' lang='lat' dir='ltr'>nihil</span> <span class='ocrx_word' id='word_1_219' title='bbox 697 2417 888 2449; x_wconf 73' lang='lat' dir='ltr'>mutandum</span> <span class='ocrx_word' id='word_1_220' title='bbox 903 2426 934 2449; x_wconf 89' lang='lat' dir='ltr'>et</span> <span class='ocrx_word' id='word_1_221' title='bbox 948 2420 1131 2460; x_wconf 87' lang='lat' dir='ltr'>augendum</span> <span class='ocrx_word' id='word_1_222' title='bbox 1155 2420 1289 2461; x_wconf 87' lang='lat' dir='ltr'>reliquit.</span> <span class='ocrx_word' id='word_1_223' title='bbox 1334 2422 1434 2452; x_wconf 90' lang='lat' dir='ltr'>Nobis</span> <span class='ocrx_word' id='word_1_224' title='bbox 1460 2433 1532 2453; x_wconf 86' lang='lat' dir='ltr'>vero</span> <span class='ocrx_word' id='word_1_225' title='bbox 1554 2425 1669 2455; x_wconf 85' lang='lat' dir='ltr'>iterum</span> 
     </span>
     <span class='ocr_line' id='line_1_30' title="bbox 169 2459 1668 2504; baseline 0.005 -15"><span class='ocrx_word' id='word_1_226' title='bbox 169 2459 319 2490; x_wconf 89' lang='lat' dir='ltr'>monendi</span> <span class='ocrx_word' id='word_1_227' title='bbox 335 2466 408 2489; x_wconf 87' lang='lat' dir='ltr'>sunt</span> <span class='ocrx_word' id='word_1_228' title='bbox 424 2459 560 2494; x_wconf 81' lang='lat' dir='ltr'>lectores,</span> <span class='ocrx_word' id='word_1_229' title='bbox 578 2470 617 2490; x_wconf 88' lang='lat' dir='ltr'>ne</span> <span class='ocrx_word' id='word_1_230' title='bbox 632 2459 707 2499; x_wconf 87' lang='lat' dir='ltr'>quid</span> <span class='ocrx_word' id='word_1_231' title='bbox 724 2460 809 2490; x_wconf 85' lang='lat' dir='ltr'>aliud</span> <span class='ocrx_word' id='word_1_232' title='bbox 823 2469 1001 2501; x_wconf 82' lang='lat' dir='ltr'>exspectent</span> <span class='ocrx_word' id='word_1_233' title='bbox 1018 2473 1114 2503; x_wconf 87' lang='lat' dir='ltr'>quam</span> <span class='ocrx_word' id='word_1_234' title='bbox 1130 2465 1282 2494; x_wconf 86' lang='lat' dir='ltr'>uberioris</span> <span class='ocrx_word' id='word_1_235' title='bbox 1309 2465 1483 2504; x_wconf 85' lang='lat' dir='ltr'>scriptionis</span> <span class='ocrx_word' id='word_1_236' title='bbox 1498 2467 1668 2497; x_wconf 83' lang='lat' dir='ltr'>adumbra-</span> 
     </span>
     <span class='ocr_line' id='line_1_31' title="bbox 165 2502 1666 2550; baseline 0.007 -19"><span class='ocrx_word' id='word_1_237' title='bbox 165 2503 297 2539; x_wconf 76' lang='lat' dir='ltr'>tionem,</span> <span class='ocrx_word' id='word_1_238' title='bbox 314 2510 345 2532; x_wconf 82' lang='lat' dir='ltr'>et</span> <span class='ocrx_word' id='word_1_239' title='bbox 359 2512 429 2532; x_wconf 87' lang='lat' dir='ltr'>eam</span> <span class='ocrx_word' id='word_1_240' title='bbox 445 2503 545 2543; x_wconf 84' lang='lat' dir='ltr'>magis</span> <span class='ocrx_word' id='word_1_241' title='bbox 561 2502 592 2532; x_wconf 95' lang='lat' dir='ltr'>in</span> <span class='ocrx_word' id='word_1_242' title='bbox 610 2503 756 2534; x_wconf 88' lang='lat' dir='ltr'>interiore</span> <span class='ocrx_word' id='word_1_243' title='bbox 784 2514 845 2534; x_wconf 88' lang='lat' dir='ltr'>usu</span> <span class='ocrx_word' id='word_1_244' title='bbox 860 2506 975 2536; x_wconf 81' lang='lat' dir='ltr'>criticae</span> <span class='ocrx_word' id='word_1_245' title='bbox 997 2506 1081 2536; x_wconf 86' lang='lat' dir='ltr'>silvae</span> <span class='ocrx_word' id='word_1_246' title='bbox 1096 2517 1191 2547; x_wconf 87' lang='lat' dir='ltr'>quam</span> <span class='ocrx_word' id='word_1_247' title='bbox 1215 2507 1248 2537; x_wconf 89' lang='lat' dir='ltr'>in</span> <span class='ocrx_word' id='word_1_248' title='bbox 1263 2509 1357 2538; x_wconf 81' lang='lat' dir='ltr'>rebus</span> <span class='ocrx_word' id='word_1_249' title='bbox 1375 2508 1518 2540; x_wconf 81' lang='lat' dir='ltr'>literariis</span> <span class='ocrx_word' id='word_1_250' title='bbox 1533 2521 1666 2550; x_wconf 87' lang='lat' dir='ltr'>occupa-</span> 
     </span>
     <span class='ocr_line' id='line_1_32' title="bbox 169 2546 1666 2590; baseline 0.006 -16"><span class='ocrx_word' id='word_1_251' title='bbox 169 2553 244 2576; x_wconf 87' lang='lat' dir='ltr'>tam.</span> <span class='ocrx_word' id='word_1_252' title='bbox 289 2546 488 2585; x_wconf 82' lang='lat' dir='ltr'>Quapropter</span> <span class='ocrx_word' id='word_1_253' title='bbox 503 2546 648 2586; x_wconf 87' lang='lat' dir='ltr'>antiquos</span> <span class='ocrx_word' id='word_1_254' title='bbox 660 2546 856 2586; x_wconf 88' lang='lat' dir='ltr'>potissimum</span> <span class='ocrx_word' id='word_1_255' title='bbox 874 2548 975 2578; x_wconf 85' lang='lat' dir='ltr'>fontes</span> <span class='ocrx_word' id='word_1_256' title='bbox 991 2549 1202 2590; x_wconf 78' lang='lat' dir='ltr'>anquiremus,</span> <span class='ocrx_word' id='word_1_257' title='bbox 1221 2561 1284 2580; x_wconf 91' lang='lat' dir='ltr'>non</span> <span class='ocrx_word' id='word_1_258' title='bbox 1297 2552 1354 2581; x_wconf 85' lang='lat' dir='ltr'>hos</span> <span class='ocrx_word' id='word_1_259' title='bbox 1367 2552 1500 2582; x_wconf 84' lang='lat' dir='ltr'>novitios</span> <span class='ocrx_word' id='word_1_260' title='bbox 1511 2553 1666 2584; x_wconf 86' lang='lat' dir='ltr'>editorum</span> 
     </span>
     <span class='ocr_line' id='line_1_33' title="bbox 164 2588 1667 2635; baseline 0.005 -17"><span class='ocrx_word' id='word_1_261' title='bbox 164 2588 338 2619; x_wconf 81' lang='lat' dir='ltr'>librorum:</span> <span class='ocrx_word' id='word_1_262' title='bbox 364 2588 478 2629; x_wconf 88' lang='lat' dir='ltr'>quibus</span> <span class='ocrx_word' id='word_1_263' title='bbox 489 2599 560 2629; x_wconf 89' lang='lat' dir='ltr'>quae</span> <span class='ocrx_word' id='word_1_264' title='bbox 576 2589 664 2619; x_wconf 79' lang='lat' dir='ltr'>factae</span> <span class='ocrx_word' id='word_1_265' title='bbox 680 2595 754 2619; x_wconf 85' lang='lat' dir='ltr'>sunt</span> <span class='ocrx_word' id='word_1_266' title='bbox 771 2589 996 2622; x_wconf 85' lang='lat' dir='ltr'>vicissitudines</span> <span class='ocrx_word' id='word_1_267' title='bbox 1018 2598 1129 2628; x_wconf 82' lang='lat' dir='ltr'>textus,</span> <span class='ocrx_word' id='word_1_268' title='bbox 1146 2593 1172 2623; x_wconf 87' lang='lat' dir='ltr'>si</span> <span class='ocrx_word' id='word_1_269' title='bbox 1188 2603 1262 2623; x_wconf 89' lang='lat' dir='ltr'>cum</span> <span class='ocrx_word' id='word_1_270' title='bbox 1278 2594 1341 2624; x_wconf 89' lang='lat' dir='ltr'>illis</span> <span class='ocrx_word' id='word_1_271' title='bbox 1363 2603 1590 2635; x_wconf 79' lang='lat' dir='ltr'>comparentur,</span> <span class='ocrx_word' id='word_1_272' title='bbox 1616 2596 1667 2626; x_wconf 84' lang='lat' dir='ltr'>vix</span> 
     </span>
     <span class='ocr_line' id='line_1_34' title="bbox 169 2631 1668 2679; baseline 0.005 -18"><span class='ocrx_word' id='word_1_273' title='bbox 169 2631 274 2672; x_wconf 88' lang='lat' dir='ltr'>dignae</span> <span class='ocrx_word' id='word_1_274' title='bbox 290 2637 364 2662; x_wconf 87' lang='lat' dir='ltr'>sunt</span> <span class='ocrx_word' id='word_1_275' title='bbox 377 2632 520 2671; x_wconf 82' lang='lat' dir='ltr'>occupati</span> <span class='ocrx_word' id='word_1_276' title='bbox 537 2632 674 2662; x_wconf 87' lang='lat' dir='ltr'>hominis</span> <span class='ocrx_word' id='word_1_277' title='bbox 688 2631 898 2673; x_wconf 86' lang='lat' dir='ltr'>indagatione.</span> <span class='ocrx_word' id='word_1_278' title='bbox 944 2635 1088 2666; x_wconf 91' lang='lat' dir='ltr'>Omnino</span> <span class='ocrx_word' id='word_1_279' title='bbox 1102 2636 1135 2665; x_wconf 90' lang='lat' dir='ltr'>in</span> <span class='ocrx_word' id='word_1_280' title='bbox 1152 2637 1210 2667; x_wconf 87' lang='lat' dir='ltr'>hac</span> <span class='ocrx_word' id='word_1_281' title='bbox 1225 2644 1312 2676; x_wconf 84' lang='lat' dir='ltr'>parte</span> <span class='ocrx_word' id='word_1_282' title='bbox 1340 2639 1540 2679; x_wconf 81' lang='lat' dir='ltr'>antiquarum</span> <span class='ocrx_word' id='word_1_283' title='bbox 1566 2639 1668 2669; x_wconf 81' lang='lat' dir='ltr'>litera-</span> 
     </span>
     <span class='ocr_line' id='line_1_35' title="bbox 171 2674 1664 2722; baseline 0.005 -18"><span class='ocrx_word' id='word_1_284' title='bbox 171 2684 240 2704; x_wconf 86' lang='lat' dir='ltr'>rum</span> <span class='ocrx_word' id='word_1_285' title='bbox 258 2674 394 2713; x_wconf 81' lang='lat' dir='ltr'>plurima</span> <span class='ocrx_word' id='word_1_286' title='bbox 408 2681 489 2710; x_wconf 85' lang='lat' dir='ltr'>sunt,</span> <span class='ocrx_word' id='word_1_287' title='bbox 507 2685 578 2715; x_wconf 85' lang='lat' dir='ltr'>quae</span> <span class='ocrx_word' id='word_1_288' title='bbox 595 2686 633 2705; x_wconf 89' lang='lat' dir='ltr'>ne</span> <span class='ocrx_word' id='word_1_289' title='bbox 650 2681 679 2705; x_wconf 84' lang='lat' dir='ltr'>te</span> <span class='ocrx_word' id='word_1_290' title='bbox 695 2675 820 2713; x_wconf 83' lang='lat' dir='ltr'>lateant,</span> <span class='ocrx_word' id='word_1_291' title='bbox 844 2677 954 2708; x_wconf 88' lang='lat' dir='ltr'>sedulo</span> <span class='ocrx_word' id='word_1_292' title='bbox 969 2688 1078 2709; x_wconf 87' lang='lat' dir='ltr'>curare</span> <span class='ocrx_word' id='word_1_293' title='bbox 1092 2679 1222 2717; x_wconf 85' lang='lat' dir='ltr'>debeas;</span> <span class='ocrx_word' id='word_1_294' title='bbox 1246 2680 1299 2711; x_wconf 86' lang='lat' dir='ltr'>sed</span> <span class='ocrx_word' id='word_1_295' title='bbox 1316 2680 1366 2715; x_wconf 81' lang='lat' dir='ltr'>ita.</span> <span class='ocrx_word' id='word_1_296' title='bbox 1384 2688 1419 2711; x_wconf 86' lang='lat' dir='ltr'>ut</span> <span class='ocrx_word' id='word_1_297' title='bbox 1434 2682 1538 2711; x_wconf 88' lang='lat' dir='ltr'>statim</span> <span class='ocrx_word' id='word_1_298' title='bbox 1556 2682 1664 2722; x_wconf 84' lang='lat' dir='ltr'>cogni-</span> 
     </span>
     <span class='ocr_line' id='line_1_36' title="bbox 171 2717 1672 2765; baseline 0.006 -19"><span class='ocrx_word' id='word_1_299' title='bbox 171 2724 202 2746; x_wconf 72' lang='lat' dir='ltr'>m</span> <span class='ocrx_word' id='word_1_300' title='bbox 219 2717 267 2747; x_wconf 87' lang='lat' dir='ltr'>vel</span> <span class='ocrx_word' id='word_1_301' title='bbox 282 2718 394 2748; x_wconf 79' lang='lat' dir='ltr'>chartis</span> <span class='ocrx_word' id='word_1_302' title='bbox 413 2718 562 2748; x_wconf 80' lang='lat' dir='ltr'>mandata</span> <span class='ocrx_word' id='word_1_303' title='bbox 577 2718 709 2749; x_wconf 85' lang='lat' dir='ltr'>libenter</span> <span class='ocrx_word' id='word_1_304' title='bbox 724 2719 913 2756; x_wconf 81' lang='lat' dir='ltr'>obliviscare,</span> <span class='ocrx_word' id='word_1_305' title='bbox 930 2721 1039 2751; x_wconf 85' lang='lat' dir='ltr'>saltem</span> <span class='ocrx_word' id='word_1_306' title='bbox 1061 2722 1238 2753; x_wconf 84' lang='lat' dir='ltr'>dissimules</span> <span class='ocrx_word' id='word_1_307' title='bbox 1253 2734 1298 2759; x_wconf 85' lang='lat' dir='ltr'>ea,</span> <span class='ocrx_word' id='word_1_308' title='bbox 1321 2734 1391 2764; x_wconf 87' lang='lat' dir='ltr'>quae</span> <span class='ocrx_word' id='word_1_309' title='bbox 1408 2725 1521 2754; x_wconf 88' lang='lat' dir='ltr'>frustra</span> <span class='ocrx_word' id='word_1_310' title='bbox 1536 2724 1672 2765; x_wconf 77' lang='lat' dir='ltr'>college-</span> 
     </span>
     <span class='ocr_line' id='line_1_37' title="bbox 172 2760 1672 2805; baseline 0.006 -16"><span class='ocrx_word' id='word_1_311' title='bbox 172 2761 222 2790; x_wconf 87' lang='lat' dir='ltr'>ris.</span> <span class='ocrx_word' id='word_1_312' title='bbox 269 2761 302 2790; x_wconf 87' lang='lat' dir='ltr'>Si</span> <span class='ocrx_word' id='word_1_313' title='bbox 328 2760 405 2802; x_wconf 88' lang='lat' dir='ltr'>quid</span> <span class='ocrx_word' id='word_1_314' title='bbox 420 2768 525 2791; x_wconf 81' lang='lat' dir='ltr'>autem</span> <span class='ocrx_word' id='word_1_315' title='bbox 542 2763 580 2791; x_wconf 85' lang='lat' dir='ltr'>ab</span> <span class='ocrx_word' id='word_1_316' title='bbox 595 2762 663 2791; x_wconf 78' lang='lat' dir='ltr'>aliis</span> <span class='ocrx_word' id='word_1_317' title='bbox 684 2763 752 2802; x_wconf 85' lang='lat' dir='ltr'>jam</span> <span class='ocrx_word' id='word_1_318' title='bbox 768 2762 890 2793; x_wconf 89' lang='lat' dir='ltr'>dudum</span> <span class='ocrx_word' id='word_1_319' title='bbox 905 2764 1072 2795; x_wconf 90' lang='lat' dir='ltr'>collectum</span> <span class='ocrx_word' id='word_1_320' title='bbox 1098 2772 1245 2805; x_wconf 78' lang='lat' dir='ltr'>repetam,</span> <span class='ocrx_word' id='word_1_321' title='bbox 1269 2768 1432 2798; x_wconf 88' lang='lat' dir='ltr'>communi</span> <span class='ocrx_word' id='word_1_322' title='bbox 1456 2768 1586 2797; x_wconf 82' lang='lat' dir='ltr'>materia</span> <span class='ocrx_word' id='word_1_323' title='bbox 1601 2775 1672 2798; x_wconf 87' lang='lat' dir='ltr'>utar</span> 
     </span>
     <span class='ocr_line' id='line_1_38' title="bbox 169 2803 1671 2850; baseline 0.006 -18"><span class='ocrx_word' id='word_1_324' title='bbox 169 2813 252 2833; x_wconf 86' lang='lat' dir='ltr'>novo</span> <span class='ocrx_word' id='word_1_325' title='bbox 268 2803 371 2834; x_wconf 87' lang='lat' dir='ltr'>modo.</span> <span class='ocrx_word' id='word_1_326' title='bbox 417 2805 490 2839; x_wconf 83' lang='lat' dir='ltr'>Qua</span> <span class='ocrx_word' id='word_1_327' title='bbox 505 2805 537 2834; x_wconf 90' lang='lat' dir='ltr'>in</span> <span class='ocrx_word' id='word_1_328' title='bbox 555 2815 586 2834; x_wconf 84' lang='lat' dir='ltr'>re</span> <span class='ocrx_word' id='word_1_329' title='bbox 603 2815 653 2835; x_wconf 85' lang='lat' dir='ltr'>me</span> <span class='ocrx_word' id='word_1_330' title='bbox 668 2805 839 2836; x_wconf 85' lang='lat' dir='ltr'>admodum</span> <span class='ocrx_word' id='word_1_331' title='bbox 856 2806 1025 2838; x_wconf 85' lang='lat' dir='ltr'>sollicitum</span> <span class='ocrx_word' id='word_1_332' title='bbox 1047 2809 1164 2839; x_wconf 83' lang='lat' dir='ltr'>habent</span> <span class='ocrx_word' id='word_1_333' title='bbox 1179 2811 1332 2850; x_wconf 86' lang='lat' dir='ltr'>angustiae</span> <span class='ocrx_word' id='word_1_334' title='bbox 1350 2811 1443 2849; x_wconf 77' lang='lat' dir='ltr'>hujus</span> <span class='ocrx_word' id='word_1_335' title='bbox 1458 2810 1563 2845; x_wconf 78' lang='lat' dir='ltr'>libelli,</span> <span class='ocrx_word' id='word_1_336' title='bbox 1587 2811 1671 2842; x_wconf 87' lang='lat' dir='ltr'>unde</span> 
     </span>
     <span class='ocr_line' id='line_1_39' title="bbox 170 2846 1671 2893; baseline 0.006 -18"><span class='ocrx_word' id='word_1_337' title='bbox 170 2847 304 2877; x_wconf 67' lang='lat' dir='ltr'>brevitas</span> <span class='ocrx_word' id='word_1_338' title='bbox 319 2846 445 2877; x_wconf 82' lang='lat' dir='ltr'>exsistet</span> <span class='ocrx_word' id='word_1_339' title='bbox 461 2858 570 2886; x_wconf 81' lang='lat' dir='ltr'>parum</span> <span class='ocrx_word' id='word_1_340' title='bbox 587 2854 658 2887; x_wconf 81' lang='lat' dir='ltr'>apta</span> <span class='ocrx_word' id='word_1_341' title='bbox 672 2849 786 2879; x_wconf 80' lang='lat' dir='ltr'>talibus</span> <span class='ocrx_word' id='word_1_342' title='bbox 804 2852 902 2886; x_wconf 81' lang='lat' dir='ltr'>rebus,</span> <span class='ocrx_word' id='word_1_343' title='bbox 918 2857 950 2881; x_wconf 87' lang='lat' dir='ltr'>et</span> <span class='ocrx_word' id='word_1_344' title='bbox 965 2851 1124 2882; x_wconf 84' lang='lat' dir='ltr'>interdurn</span> <span class='ocrx_word' id='word_1_345' title='bbox 1141 2853 1350 2884; x_wconf 86' lang='lat' dir='ltr'>immodestiae</span> <span class='ocrx_word' id='word_1_346' title='bbox 1367 2853 1500 2893; x_wconf 81' lang='lat' dir='ltr'>speciem</span> <span class='ocrx_word' id='word_1_347' title='bbox 1518 2854 1671 2888; x_wconf 68' lang='lat' dir='ltr'>habitura.</span> 
     </span>
     <span class='ocr_line' id='line_1_40' title="bbox 165 2889 1290 2937; baseline 0.006 -17"><span class='ocrx_word' id='word_1_348' title='bbox 165 2889 232 2933; x_wconf 30' lang='lat' dir='ltr'>,Sed</span> <span class='ocrx_word' id='word_1_349' title='bbox 249 2889 425 2930; x_wconf 81' lang='lat' dir='ltr'>parendum</span> <span class='ocrx_word' id='word_1_350' title='bbox 441 2897 506 2921; x_wconf 81' lang='lat' dir='ltr'>erat</span> <span class='ocrx_word' id='word_1_351' title='bbox 523 2892 704 2929; x_wconf 77' lang='lat' dir='ltr'>necessitati,</span> <span class='ocrx_word' id='word_1_352' title='bbox 723 2892 817 2923; x_wconf 81' lang='lat' dir='ltr'>etiam</span> <span class='ocrx_word' id='word_1_353' title='bbox 833 2904 906 2925; x_wconf 85' lang='lat' dir='ltr'>cum</span> <span class='ocrx_word' id='word_1_354' title='bbox 922 2894 1124 2927; x_wconf 82' lang='lat' dir='ltr'>incommodo</span> <span class='ocrx_word' id='word_1_355' title='bbox 1142 2895 1290 2937; x_wconf 86' lang='lat' dir='ltr'>quodam.</span> 
     </span>
    </p>
   </div>
  </div>
 </body>
</html>
