1856 3235
630 194 1191 243 PROLEGOMENA.
1557 210 1575 247 1
1586 207 1641 248 61

157 329 469 393 elegantiam3
509 325 594 373 sed
618 325 773 373 sicubi
797 325 877 372 isti
901 341 993 371 usu
1016 325 1275 371 verborum
1301 332 1351 372 et
1373 341 1554 388 genere
1576 329 1644 375 lo-

157 395 356 458 quendi,
380 393 442 439 ad
465 391 735 455 principem
759 391 874 438 artis
911 406 1010 436 suae
1046 389 1368 446 conformato,
1404 391 1642 455 significa-

157 467 285 517 rent,
310 457 428 521 quid
451 458 500 503 in
520 456 714 519 optimis
739 454 1096 518 exemplaribus
1119 454 1248 501 illius
1282 454 1532 518 legissent,
1557 468 1642 506 aut

156 525 420 589 legendum
459 523 552 585 ipsi
593 522 911 570 censuissent.
999 520 1151 583 Cujus
1192 520 1639 582 animadversionis,

156 606 218 637 ne
256 589 361 651 quis
399 604 504 635 eam
544 587 740 651 longius
780 593 1030 650 evagatam
1073 593 1232 649 putet,
1258 586 1371 632 satis
1408 602 1640 649 magnum

150 655 366 702 fructum
389 653 607 716 percepi,
644 653 915 717 praesertim
941 652 1083 700 exiis
1119 652 1295 715 poetis,
1334 668 1456 715 quos
1493 654 1640 700 ambi-

150 736 303 784 guum
339 727 413 766 est
436 723 669 782 poetasne
696 718 854 766 verius
878 734 938 765 an
956 717 1230 765 literatores
1259 717 1492 764 dicamus.
1564 718 1641 765 Ita

148 802 265 833 vero
288 785 503 847 lustratis
551 784 836 832 Graecarum
863 791 913 831 et
936 782 1222 830 Latinarum
1250 782 1500 830 literarum
1523 783 1642 831 late-

148 851 246 899 bris
271 851 514 908 omnibus,
556 866 664 913 quae
688 850 874 913 uspiam
917 857 1158 912 susceptae
1196 849 1266 895 rei
1301 848 1638 912 adjumentum

150 917 485 974 ostenderent,
508 915 780 980 grandique
803 915 1073 963 lectionum
1110 921 1160 962 et
1182 913 1465 961 criticarum
1503 924 1640 962 nota-

147 983 338 1030 tionum
379 990 613 1045 apparatu
639 989 913 1037 contracto,
954 980 1087 1028 aucti
1116 996 1281 1027 sumus
1305 980 1512 1028 Venetis
1546 980 1640 1028 illis

146 1056 196 1097 et
220 1048 685 1096 Vindobonensibus
725 1046 975 1110 praesidiis.
1047 1046 1218 1093 Novus
1252 1045 1334 1093 hic
1371 1063 1570 1110 campus
1594 1064 1640 1093 a·

143 1123 312 1178 pertus
337 1130 520 1162 novum
542 1114 758 1161 laborem
784 1112 966 1177 objecit
987 1112 1038 1159 in
1062 1111 1119 1158 iis
1142 1111 1274 1175 ipsis,
1291 1128 1400 1175 quae
1415 1112 1640 1178 absoluta

143 1188 383 1244 putaram.
453 1179 697 1228 Videbam
723 1179 852 1226 enim
870 1180 1048 1226 bonam
1073 1187 1260 1241 partem
1281 1177 1523 1225 confectae
1545 1178 1638 1226 viae

145 1245 264 1292 mihi
304 1246 575 1293 iterandam
619 1261 740 1302 esse,
777 1253 835 1291 ut
868 1245 1074 1307 primam
1114 1259 1318 1291 messem
1362 1260 1475 1291 cum
1499 1244 1638 1291 novis

144 1312 317 1375 opibus
343 1311 712 1368 contenderem,
737 1318 803 1368 et,
820 1310 858 1357 si
877 1309 1004 1357 forte
1030 1308 1215 1372 aliquid
1240 1309 1358 1356 utile
1383 1318 1527 1357 antea
1549 1326 1639 1373 pro

145 1377 281 1440 spico
318 1394 527 1441 nequam
565 1377 850 1434 omisissem,
886 1376 939 1423 id
979 1392 1041 1423 ex
1083 1375 1401 1423 contentione
1453 1376 1638 1423 rectius

143 1443 437 1490 aestimatum
478 1442 903 1506 reprehenderem.
976 1442 1088 1498 Qua
1127 1441 1178 1487 in
1219 1458 1366 1504 opera
1391 1459 1487 1505 quo
1529 1458 1637 1505 pro-

143 1525 338 1572 gressus
362 1525 468 1556 sum
491 1508 704 1572 longius,
731 1525 789 1555 eo
813 1507 1079 1555 mirabilius
1104 1507 1283 1554 sentire
1309 1509 1437 1571 coepi
1454 1508 1514 1555 de
1542 1507 1638 1555 Ve-

142 1583 369 1622 netorum
396 1573 702 1622 Scholiorum
725 1574 1023 1638 praestantia,
1048 1574 1151 1620 sine
1177 1574 1352 1636 quibus
1373 1573 1636 1620 multarum

138 1638 411 1688 lectionum
437 1649 486 1689 et
508 1657 737 1689 versuum
762 1640 1026 1688 auctoritas
1061 1638 1199 1686 nobis
1234 1655 1430 1702 prorsus
1454 1639 1638 1686 incom-

142 1713 283 1770 perta
322 1715 463 1755 esset.
534 1707 711 1770 Neque
752 1706 847 1754 hoc
888 1706 1027 1753 nobis
1052 1706 1165 1753 solis
1208 1704 1473 1752 dolendum
1516 1714 1638 1761 erat,

142 1772 225 1836 qui
249 1773 300 1820 in
324 1772 398 1820 his
423 1773 595 1820 studiis
619 1781 720 1820 tam
745 1789 851 1820 sero
875 1788 1137 1819 versamur.
1211 1771 1338 1817 Nam
1369 1771 1515 1818 ctiam
1542 1771 1638 1818 Eu-

140 1838 391 1897 stathium,
417 1855 562 1903 quem
587 1838 766 1886 deinde
790 1838 970 1886 iterum
1005 1838 1303 1900 tertiumque
1341 1838 1639 1900 comparavi,

142 1921 294 1968 quum
334 1904 655 1968 antiquissimi
697 1904 882 1952 codicis
920 1904 1048 1951 Ven.
1094 1901 1420 1952 CCCCLIH.
1463 1903 1638 1950 notitia

143 1971 394 2029 caruisset,
417 1971 510 2018 ista
532 1971 584 2018 in
607 1987 659 2018 re
685 1970 898 2034 cognovi
922 1969 1053 2016 haud
1077 1969 1234 2017 multo
1258 1968 1458 2016 meliore
1482 1968 1634 2016 fortu-

143 2053 207 2083 na
247 2053 406 2094 usum,
431 2053 577 2101 quam
619 2036 838 2100 quemvis
879 2035 1207 2083 recentiorum
1252 2035 1497 2082 editorum
1524 2051 1636 2082 cum

143 2101 414 2165 proletariis
439 2103 692 2151 codicibus
717 2101 830 2149 suis.
903 2101 974 2148 At
997 2101 1097 2159 ille,
1122 2101 1205 2165 qui
1230 2101 1279 2147 in
1319 2100 1538 2148 Homero
1567 2100 1637 2146 ni-

140 2167 209 2214 hil
232 2175 410 2231 praeter
433 2168 693 2232 pulchrum
717 2171 914 2232 poetam
938 2167 1220 2224 mirabatur,
1243 2167 1514 2230 priscorum
1535 2165 1638 2230 ejus

143 2232 356 2281 fatorum
381 2235 539 2282 minus
564 2234 802 2291 curiosus,
827 2242 878 2281 et
900 2233 1170 2281 rhetoricos
1189 2233 1352 2296 potius
1378 2249 1522 2296 quam
1549 2232 1637 2279 cri-

142 2298 266 2347 ticos
307 2299 598 2363 interpretes
624 2308 856 2355 sectatus,
897 2300 1097 2346 omnino
1139 2299 1198 2346 ab
1224 2299 1315 2346 hac
1356 2306 1495 2362 parte
1535 2314 1635 2345 non

142 2373 347 2423 tantam,
367 2373 548 2429 quanta
565 2365 715 2429 vulgo
738 2365 935 2423 fruitur,
948 2365 1146 2413 laudem
1164 2364 1361 2422 meruit,
1376 2363 1636 2428 plurimam

147 2431 296 2479 debet
309 2431 520 2495 jacturae
545 2431 820 2479 doctiorum
846 2431 1169 2479 Scholiorum.

210 2497 463 2545 Postremo
487 2497 632 2545 retuli
657 2513 734 2544 me
759 2497 822 2544 ad
846 2497 1266 2561 cognoscendum,
1291 2495 1531 2560 quidquid
1554 2496 1638 2543 bo-

145 2578 221 2610 nae
244 2562 399 2627 frugis
423 2563 624 2611 allatum
650 2572 777 2611 esset
793 2579 853 2610 ex
878 2580 1025 2611 manu
1050 2563 1243 2627 scriptis
1259 2562 1636 2626 exemplaribus,

145 2644 407 2692 curamque
434 2628 842 2677 conferendarum
876 2629 1141 2692 primarum
1175 2629 1466 2685 editionum,
1501 2627 1637 2674 insti-

142 2702 298 2741 tutam
323 2696 382 2742 ab
410 2695 653 2753 Ernestio,
678 2711 831 2759 usque
857 2694 919 2742 ad
944 2695 1321 2760 Stephanianam
1348 2702 1636 2759 persecutus

143 2775 272 2816 sum;
310 2759 457 2825 longe
481 2761 679 2825 quidem
704 2763 892 2808 minore
916 2759 1081 2809 fructu
1102 2778 1247 2825 quam
1265 2760 1444 2808 labore.
1517 2757 1638 2804 Pau-

146 2841 216 2873 cae
241 2825 369 2873 enim
409 2827 482 2874 his
523 2827 667 2875 editis
702 2827 837 2874 libris
878 2828 1086 2892 propriae
1123 2835 1239 2874 sunt
1273 2826 1538 2882 lectiones;
1587 2830 1637 2871 ct

145 2907 254 2954 quae
276 2891 326 2938 in
352 2909 411 2940 eo
451 2909 654 2941 numero
693 2894 835 2941 bonae
876 2902 989 2941 sunt
1014 2902 1063 2942 et
1086 2901 1227 2942 textu
1269 2892 1448 2955 dignae,
1473 2904 1635 2938 earum

179 2971 266 3005 Vox„
291 2972 338 3007 V.
863 2973 896 3006 X
