1856 3235
600 232 1160 283 PROLEGOMENA.
1533 239 1627 280 253

145 369 277 435 quod
306 374 511 422 constet,
548 372 661 413 ante
700 363 1078 428 Aristophanem
1119 364 1238 427 Byz.
1278 362 1425 411 talem
1464 380 1628 412 curam

143 433 397 498 suscepit‚)
432 431 517 479 sed
541 431 579 478 si
603 430 709 494 quis
732 429 1012 493 intelligens
1046 436 1096 477 et
1133 428 1378 476 studiosus
1418 430 1630 492 antiquae

144 499 413 563 elegantiae,
450 496 538 544 sibi
562 497 721 544 suisve
752 495 920 543 amicis
955 502 1208 558 paraturus
1247 510 1428 541 novum
1470 511 1632 542 exem-

145 566 248 630 plar
266 572 301 622 ²,
335 562 560 625 optimos,
603 578 723 625 quos
748 560 927 609 alicubi
952 560 1129 608 servari
1167 559 1394 615 audisset,
1433 560 1628 608 codices

145 635 519 692 comparaverat,
555 642 772 691 persaepe
795 626 845 673 in
870 625 1081 673 maxima
1104 624 1388 672 difficultate
1404 624 1630 688 judican-

144 695 207 750 di,
243 693 360 756 quid
383 709 554 740 verum
578 700 704 740 esset
735 699 786 739 et
807 691 1092 756 genuinum,
1119 690 1307 738 nullum
1330 691 1527 737 videtur
1549 691 1630 737 ha-

139 759 299 808 buisse
333 757 611 822 praesidium
635 758 905 821 promptius
929 756 1197 820 meliusque
1220 756 1420 820 ingenio
1444 772 1542 803 suo.

208 823 408 872 Penitus
431 823 511 871 hic
536 824 675 871 nobis
698 822 916 870 tollenda
956 829 1029 870 est
1069 822 1247 885 opinio,
1287 838 1381 885 qua
1420 821 1630 869 Criticos

139 889 267 938 illius
301 889 457 937 aetatis
496 889 558 936 ad
598 888 723 936 hanc
765 904 904 935 novae
941 887 1055 934 artis
1090 887 1346 934 formulam
1386 887 1629 951 fingimus.

139 955 219 1003 Ne
242 955 399 1019 ipsum
424 954 620 1017 quidem
637 953 978 1001 Aristarchum
996 970 1055 1001 ex
1074 952 1166 1001 hac
1185 952 1393 1000 formula
1407 952 1632 1017 judican-

141 1021 256 1068 dum
282 1037 401 1077 esse,
420 1019 584 1083 paullo
607 1036 720 1067 mox
746 1019 1101 1067 demonstrabo.
1156 1019 1399 1066 Nimirum
1423 1019 1633 1082 primum

141 1088 254 1134 artis
277 1086 550 1150 ingressum
586 1102 763 1150 vagum
804 1086 854 1132 in
878 1084 1044 1149 primis
1080 1092 1129 1132 et
1151 1085 1462 1133 temerarium
1485 1083 1634 1132 fuisse

141 1152 423 1216 reperimus,
478 1152 577 1199 sive
617 1151 870 1199 materiem
917 1150 1019 1214 ejus
1059 1150 1109 1197 in
1151 1151 1360 1214 antiquis
1401 1151 1634 1209 διαφωνίαις

141 1218 488 1281 rhapsodorum
514 1225 564 1264 et
588 1217 831 1273 codicum,
858 1233 944 1264 seu
968 1215 1135 1264 Graeci
1169 1216 1361 1280 ingenii
1397 1216 1631 1274 indolem,

143 1300 228 1331 seu
251 1283 424 1330 horum
450 1290 724 1346 temporum
750 1282 1099 1338 conditionem,
1138 1298 1222 1330 seu
1255 1282 1466 1345 denique
1506 1282 1632 1344 ipsas

143 1348 368 1412 reliquias
393 1348 506 1396 artis
531 1355 821 1412 spectemus.
892 1348 964 1396 Ut
1003 1356 1406 1411 repraesentarent
1449 1347 1633 1395 Home-

142 1431 249 1461 rum
273 1414 368 1461 fide
391 1414 583 1477 integra
619 1422 669 1461 et
699 1431 787 1461 suo
810 1413 997 1471 habitu,
1021 1413 1306 1461 laborabant
1328 1412 1490 1460 forsan
1514 1429 1634 1460 non-

142 1479 279 1536 nulli,
317 1488 551 1543 quantum
575 1487 803 1542 poterant
813 1499 826 1539 ;
865 1487 914 1526 at
940 1480 1184 1528 debebant
1223 1479 1367 1526 etiam
1391 1479 1544 1542 magis
1567 1478 1634 1525 la-

141 1547 328 1601 borare,
365 1552 422 1591 ut
445 1561 681 1608 nusquam
705 1561 801 1592 non
829 1545 994 1592 similis
1036 1545 1109 1592 sui
1147 1562 1294 1608 seque
1336 1541 1513 1608 dignus
1553 1561 1634 1608 ap-

141 1617 350 1675 pareret,
402 1610 714 1657 detrahendis
759 1627 886 1674 saepe
927 1610 1091 1658 multis
1130 1611 1360 1666 versibus,
1397 1610 1510 1657 alibi
1553 1610 1633 1657 ad-

143 1675 306 1724 dendo
330 1676 504 1732 nitore,
542 1676 625 1723 ubi
650 1676 779 1724 nitor
802 1675 964 1723 nullus
991 1684 1131 1724 esset.
1203 1675 1632 1732 Quemadmodum

141 1742 289 1805 igitur
313 1740 457 1788 hodie
493 1741 689 1806 elegans
714 1741 859 1789 homo
885 1750 934 1789 et
956 1742 1251 1806 ingeniosus,
1279 1742 1365 1789 sed
1389 1741 1633 1789 abnormis

143 1807 370 1864 Criticus‚
406 1807 457 1854 in
479 1807 640 1870 prisco
663 1808 859 1871 poetico
882 1817 1205 1856 monumento
1243 1815 1421 1855 nostrae
1451 1807 1633 1871 linguae

141 1880 428 1929 versaretur,
468 1873 599 1936 quod
623 1873 836 1923 lacerum
873 1873 1000 1922 forte
1033 1875 1308 1938 reperisset,
1345 1881 1394 1921 et
1419 1890 1446 1920 a
1469 1872 1633 1920 multis

141 1938 407 1986 lectoribus
431 1938 481 1985 in
506 1939 724 2003 margine
748 1940 1004 1998 variatum,
1039 1940 1106 1987 ita
1142 1939 1296 1988 ferme
1322 1940 1502 2003 primos
1526 1938 1633 1986 illos
1656 1955 1657 1958 ’

144 2003 480 2052 emendatores
520 2004 570 2051 in
614 2005 915 2068 corrigendis
957 2013 1007 2053 et
1047 2005 1401 2053 concinnandis
1443 2005 1633 2052 vatibus

143 2069 239 2116 suis
263 2086 458 2133 operam
484 2086 682 2119 navasse
708 2071 967 2119 contendo.
1037 2071 1181 2119 Adeo
1205 2071 1352 2134 longe
1371 2069 1634 2118 abfuerunt

143 2135 211 2182 illi
236 2135 295 2183 ab
319 2135 410 2183 hac
435 2136 708 2193 severitate,
746 2152 855 2200 quae
879 2145 1035 2193 cavet,
1073 2154 1134 2185 ne
1159 2136 1278 2201 quid
1317 2136 1448 2184 aliud
1490 2152 1633 2199 quam

142 2201 202 2248 ab
226 2200 332 2265 ipso
355 2208 555 2249 auctore
578 2202 735 2266 operis
759 2203 993 2266 scriptum
1033 2203 1318 2250 inducatur:
1355 2202 1546 2249 tametsi
1571 2218 1634 2248 ne

142 2282 276 2314 nunc
300 2266 497 2330 quidem
521 2267 657 2315 illum
686 2268 958 2332 scopulum'
979 2269 1090 2316 satis
1127 2268 1340 2332 fugiunt,
1378 2269 1460 2332 qui
1500 2267 1634 2331 inge-

141 2332 225 2380 nio
248 2332 427 2380 valent.
499 2333 726 2397 Denique
751 2334 906 2382 omnis
932 2334 1038 2383 haec
1063 2351 1136 2382 ars
1174 2333 1396 2398 profecta
1438 2342 1511 2381 est
1550 2350 1634 2396 po-

139 2398 237 2445 tius
262 2399 320 2446 ab
345 2398 613 2457 aesthetico‚
650 2400 781 2463 quod
805 2408 1043 2448 nostrates
1068 2408 1259 2457 vocant,
1293 2416 1437 2464 quam
1462 2399 1641 2447 critico

133 2462 341 2528 judicio,
377 2464 470 2521 vel,
498 2472 554 2512 ut
575 2465 644 2512 ita
667 2465 842 2522 dicam,
879 2483 906 2513 a
946 2467 1140 2530 poetica
1176 2466 1338 2530 potius
1379 2481 1523 2530 quam
1565 2465 1634 2512 di-

139 2529 403 2593 plomatica
426 2530 536 2577 fide.
608 2530 789 2579 Praeter
811 2531 997 2596 reliqua
1037 2532 1179 2597 hujus
1216 2532 1286 2580 rei
1327 2538 1633 2596 argumenta,

141 2611 250 2658 quae
273 2611 335 2643 ex
360 2595 586 2644 universo
609 2595 775 2644 libello
799 2606 965 2645 nostro
988 2596 1131 2646 facile
1156 2598 1217 2645 ad
1259 2597 1524 2662 perfectam
1565 2597 1634 2642 in-

144 2660 426 2710 ductionem
451 2662 613 2727 colligi
637 2670 885 2727 poterunt‚
907 2663 1010 2728 ipsa
1033 2663 1150 2712 illuc
1176 2664 1314 2712 ducit
1332 2664 1468 2718 ratio,
1489 2677 1632 2724 quam

183 2802 204 2822 a
221 2790 309 2828 ’ἰδίως
325 2793 533 2837 γεγραμμένον,
550 2794 569 2824 i.
585 2804 610 2824 e.
623 2798 745 2834 privato
767 2796 867 2827 studio
881 2796 1074 2835 descriptum,
1091 2794 1183 2835 quale
1198 2795 1356 2835 exemplar
1374 2793 1535 2834 utriusque
1559 2791 1635 2822 Car-

143 2835 238 2867 minis
255 2835 427 2867 Cassander
456 2837 590 2868 Macedo
605 2837 712 2869 fecisse
738 2838 837 2869 fertur
850 2848 900 2877 ap.
923 2839 1040 2869 Athen.
1056 2838 1152 2869 XIV.
1167 2849 1197 2878 p.
1213 2842 1285 2869 620.
1311 2839 1347 2869 Β.
1393 2837 1443 2867 De
1467 2838 1524 2866 hac
1550 2834 1635 2877 regIa

143 2888 219 2910 cura
230 2883 335 2909 tamen
347 2888 412 2910 non
426 2879 576 2911 dissentio
590 2891 609 2911 a
624 2881 744 2912 Fabric.
760 2881 841 2912 Bibl.
855 2881 910 2912 Gr.
924 2891 955 2921 p.
972 2884 1044 2913 361.
1090 2881 1164 2912 Non
1180 2883 1299 2925 γράφειν
1309 2880 1437 2911 dixisset
1450 2880 1634 2912 Athenaeus,

147 2931 184 2953 ex
197 2931 284 2954 more
302 2922 592 2957 Grammaticorum
610 2924 801 2963 Graecorum,
817 2923 871 2957 sed
885 2924 1015 2967 διορθοῦν,
1031 2925 1056 2956 si
1071 2924 1250 2957 emendatio
1263 2923 1444 2957 accessisset.
