1856 3235
930 206 1016 253 viii

214 359 309 400 dine
340 364 381 397 et
409 354 536 396 modo
568 354 771 396 universo.
831 353 994 408 Nempe
1013 352 1209 410 quoniam
1241 353 1309 395 hic
1330 353 1465 395 Index
1484 366 1699 409 compara-

212 437 335 478 batur
353 435 404 476 ad
425 450 521 477 usus
540 449 627 475 non
656 433 784 475 modo
817 433 1090 490 quaerentium
1109 434 1281 476 verbum
1301 435 1468 491 aliquod
1499 434 1698 476 Homeri-

211 530 319 565 cum,
351 515 496 572 quibus
529 514 773 557 Seberianus
792 522 959 569 paratus
985 522 1058 565 est,
1100 514 1171 556 sed
1201 516 1324 557 etiam
1358 517 1696 558 consuetudinem

214 596 485 637 Homericam
505 596 549 636 in
569 595 701 636 verbis
729 587 974 649 usurpandis
995 594 1057 636 vel
1090 595 1145 636 ad
1175 596 1487 653 intelligentiam
1521 597 1700 637 vocabu-

213 675 360 726 lorum,
381 676 445 717 vel
464 676 516 717 ad
537 690 656 717 usum
674 674 976 729 interpretandi
995 682 1037 716 et
1055 675 1319 726 emendandi;
1353 676 1587 718 faciendum
1606 675 1697 726 fuit,

214 764 262 798 ut
290 757 339 797 iis
368 756 488 797 rebus
506 755 892 797 accommodaretur
911 754 1066 796 Indicis
1097 756 1215 797 ratio.
1276 757 1422 813 Itaque
1444 757 1625 812 primum
1654 756 1699 797 in

213 837 374 878 delectu
412 837 644 887 verborum,
696 836 770 877 etsi
800 851 1051 891 supervacua
1084 837 1296 879 Seberiani
1329 839 1483 880 Indicis
1516 853 1699 880 resecare

214 918 374 959 animus
392 918 481 968 fuit,
513 927 651 959 tamen
686 931 848 958 necesse
884 917 1118 967 habuimus,
1154 918 1278 959 etiam
1299 919 1483 976 vulgaria
1502 918 1701 960 vocabula

211 1011 379 1052 ponere,
415 999 656 1053 praesertim,
692 1013 785 1053 quae
820 997 944 1038 semel
975 1006 1047 1038 aut
1078 1012 1174 1039 raro
1204 1009 1479 1049 occurrerent,
1511 1007 1582 1040 aut
1602 999 1700 1048 alio,

212 1092 337 1133 quam
356 1079 400 1119 in
435 1079 592 1119 caeteris
629 1077 906 1133 scriptoribus,
944 1091 1076 1127 sensu,
1108 1086 1154 1119 ut
1189 1076 1300 1129 ὕμνος,
1330 1081 1510 1134 badam,
1538 1087 1579 1120 et
1614 1079 1705 1122 alia:

211 1159 325 1210 item,
357 1174 450 1215 quae
469 1159 596 1200 modo
630 1160 673 1199 in
695 1158 879 1214 Hymnis
908 1166 1064 1208 extant,
1095 1169 1141 1199 ut
1161 1159 1237 1205 ὧδὲ,
1263 1159 1366 1209 τύχη,
1394 1158 1506 1204 τόπος,
1534 1161 1704 1213 τςάχηλος

211 1247 288 1280 etc.
320 1247 360 1280 et
390 1239 480 1280 haec
514 1240 637 1279 etiam
672 1239 796 1279 semel
829 1239 956 1278 modo
985 1246 1056 1278 aut
1087 1238 1249 1292 parcius
1258 1255 1270 1285 3
1302 1235 1415 1291 quod
1436 1243 1496 1275 est
1515 1244 1704 1277 accurate

211 1335 458 1378 cognoscere
497 1319 755 1374 cupientibus
786 1333 924 1375 graeca
961 1317 1247 1359 necessarium.
1308 1315 1434 1364 Tum,
1472 1316 1546 1356 etsi
1575 1316 1704 1359 secuti

214 1415 351 1441 sumus
366 1399 487 1454 hujus
507 1399 696 1441 editionis
715 1399 924 1462 lectssmes,
947 1412 1122 1454 quarum
1147 1403 1242 1438 sunt
1262 1394 1454 1451 quaedam
1469 1409 1608 1445 novae3
1641 1404 1702 1438 ta-

211 1495 307 1522 men
320 1496 404 1522 non
424 1481 677 1538 negleximus
693 1481 818 1521 etiam
837 1479 1033 1520 exhibere
1052 1486 1206 1519 veteres
1227 1485 1268 1517 et
1286 1476 1488 1532 vulgatas,
1505 1483 1552 1517 ut
1564 1484 1704 1519 tamen

209 1561 379 1616 reperiri
398 1561 488 1602 loca
513 1567 693 1614 possent,
726 1559 758 1599 si
788 1559 855 1600 cui
886 1566 988 1600 esset
1018 1573 1134 1613 opus,
1166 1571 1242 1598 nec
1261 1564 1390 1611 putet,
1422 1570 1471 1596 ea
1490 1556 1615 1597 verba
1643 1564 1703 1598 te-

212 1656 324 1683 mere
354 1656 438 1682 esse
469 1640 657 1697 neglecta
685 1647 725 1680 et
755 1640 1040 1694 praetermissa.
1101 1638 1154 1679 In
1173 1637 1319 1678 ordine
1338 1650 1465 1691 porro
1485 1636 1543 1677 ita
1560 1636 1704 1678 mode-

214 1724 294 1765 rati
313 1737 451 1764 sumus
471 1736 574 1771 rem,
606 1729 653 1761 ut
672 1734 748 1761 nec
768 1720 891 1775 plane
924 1734 1176 1760 servaremus
1199 1717 1464 1760 Seberianam
1487 1717 1704 1768 rationem,

214 1819 291 1845 nec
312 1804 603 1852 desereremus,
636 1800 1020 1855 consuleremusque
1050 1799 1251 1840 tironibus
1286 1799 1330 1838 in
1363 1797 1522 1853 primis,
1555 1798 1640 1853 qui,
1672 1797 1706 1839 si

214 1885 354 1926 omnia
383 1883 457 1924 sub
477 1898 561 1925 uno
581 1882 707 1923 veluti
739 1882 872 1937 capite
907 1897 980 1923 suo
1009 1881 1297 1937 posuissemus,
1330 1879 1531 1920 difficilius
1551 1878 1703 1933 reperi-

214 1974 320 2016 rent,
353 1979 444 2021 quae
465 1971 707 2020 quaererent.
770 1963 915 2018 Itaque
935 1964 1063 2003 κέσκετο
1082 1977 1119 2002 v.
1152 1976 1190 2002 c·
1215 1957 1363 2013 ’έῤῥωδουὲ
1382 1973 1468 2000 non
1500 1958 1554 2000 ad
1584 1972 1702 1999 suum

213 2046 352 2088 thema
372 2045 596 2095 retulimus,
628 2044 698 2085 sed
718 2044 780 2094 iis,
813 2043 866 2084 ad
889 2042 1193 2084 Glossariorum
1214 2039 1398 2090 modum,
1429 2040 1519 2081 loca
1539 2054 1611 2080 sua
1641 2053 1704 2080 as-

215 2126 475 2183 signavimus.
536 2125 645 2173 Quae
665 2135 802 2165 autem
822 2123 866 2163 in
898 2122 1042 2164 eadem
1076 2121 1199 2163 veluti
1226 2121 1375 2162 vicinia
1395 2128 1539 2170 essent,
1571 2135 1620 2161 ea
1648 2120 1703 2162 ad

213 2221 344 2247 unum
364 2213 487 2260 caput
506 2204 728 2255 retulimus,
758 2203 1007 2258 fecimusque
1039 2202 1162 2243 etiam
1197 2215 1305 2256 saepe
1336 2200 1489 2242 indicia
1522 2199 1703 2255 partium

212 2294 469 2335 caeterarum,
502 2293 546 2326 ut
566 2294 705 2326 tamen
725 2283 1033 2340 quodammodo
1053 2283 1220 2338 disjecta
1242 2282 1367 2324 veluti
1387 2281 1500 2323 verbi
1520 2281 1701 2337 ejusdem

214 2370 399 2411 membra
420 2369 722 2425 copularentur.
783 2368 1049 2423 Interpretati
1070 2368 1193 2408 etiam
1214 2380 1322 2421 saepe
1337 2381 1475 2408 sumus
1487 2365 1700 2416 vocabula,

213 2467 307 2507 quae
327 2452 389 2494 vel
410 2453 566 2494 rariora
586 2460 733 2501 essent,
765 2450 830 2492 vel
848 2450 960 2492 nude
993 2450 1126 2505 posita
1152 2448 1461 2506 ambiguitatem
1490 2447 1703 2498 haberent,

211 2538 382 2579 nomina
401 2552 454 2578 an
474 2537 695 2577 verborum
714 2535 797 2575 vim
828 2535 1043 2584 haberent,
1076 2542 1146 2574 aut
1181 2534 1294 2589 cujus
1327 2532 1523 2586 temporis
1557 2539 1702 2573 essent.

212 2618 407 2673 Denique
441 2618 564 2658 etiam
584 2631 679 2658 usus
713 2616 845 2657 varios
879 2614 1109 2664 verborum,
1146 2614 1197 2655 ab
1231 2614 1426 2654 varietate
1460 2612 1702 2662 formarum,

212 2699 436 2739 activarum
450 2707 490 2739 ct
506 2698 747 2745 mediarum,
764 2695 826 2737 vel
840 2704 1067 2744 structurae,
1083 2695 1333 2750 omninoque
1349 2693 1494 2735 modos
1506 2693 1703 2749 loquendi

216 2781 349 2821 varios
380 2780 623 2821 notavimus.
705 2778 755 2818 In
791 2792 873 2832 quo
906 2791 1106 2826 veremur,
1140 2790 1191 2816 ne
1226 2790 1310 2816 non
1343 2776 1437 2817 satis
1473 2782 1704 2816 constantes

213 2877 288 2903 nos
303 2860 504 2918 judicent,
536 2860 606 2916 qui
626 2858 886 2901 attenderint.
948 2858 1004 2900 Et
1019 2857 1094 2913 ipsi
1130 2857 1173 2898 in
1193 2856 1273 2899 hoc
1293 2856 1411 2904 nobis
1431 2856 1704 2912 displicemus-
