1856 3235
232 223 326 262 204
717 213 1274 265 PROLEGOMENA.

229 343 465 393 momenti
488 352 576 402 est,
603 347 843 394 contraria
866 347 1011 395 etiam
1037 347 1215 395 omnia.
1283 345 1536 409 Nusquam
1568 361 1710 394 voca-

229 409 399 458 bulum
422 411 545 469 libri,
567 427 802 476 nusquam
825 413 1069 470 scribendi,
1104 428 1340 475 nusquam
1365 411 1581 467 lectioniS,
1601 427 1712 458 nus-

230 490 375 539 quam
392 475 651 524 literarum²
664 499 678 524 .·
704 478 823 524 nihil
839 478 890 524 in
905 486 980 525 tot
998 477 1205 524 millibus
1224 494 1448 524 versuum
1468 476 1530 523 ad
1543 475 1712 524 lectio-

229 556 359 598 nem,
384 541 545 589 omnia
568 543 629 590 ad
653 543 949 590 auditionem
970 549 1269 606 comparata3
1307 542 1440 589 nulla
1461 549 1605 605 pacta
1628 548 1712 588 aut

227 604 415 655 foedera
428 607 519 654 nisi
536 624 720 665 coram;
738 607 897 654 nullus
912 615 1132 654 veterum
1148 624 1309 655 rerum
1323 606 1464 654 famae
1477 606 1712 670 fonsprae-

227 678 303 720 ter
325 673 604 720 memoriam
629 681 679 720 et
699 671 876 719 famam
900 679 950 719 et
982 671 1209 719 illiterata
1231 671 1611 730 monumentab3
1650 688 1711 719 ex

229 753 288 784 eo
313 737 580 793 Musarum,
617 754 883 785 memorum
910 737 1124 794 dearum,
1163 736 1368 800 diligens
1393 745 1442 784 et
1465 738 1516 784 in
1558 737 1711 785 Iliade

228 802 372 850 enixe
395 804 602 865 repetita
624 803 893 861 invocatio,
930 802 1091 850 nullus
1115 803 1165 849 in
1191 803 1342 866 cippis
1375 809 1425 850 et
1461 801 1709 865 sepulcris,

227 882 336 930 quae
358 868 603 916 interdum
642 877 984 925 memorantur,
1020 868 1215 926 titulus3
1252 883 1351 914 non
1377 866 1469 915 alia
1504 866 1603 914 ulla
1640 867 1712 914 in-

227 933 449 996 scripti03
487 950 585 981 non
617 950 680 982 aes
719 935 961 998 signatum
996 942 1081 981 aut
1115 933 1246 982 facta
1279 933 1513 997 pecunia3
1549 932 1712 980 nullus

225 1014 340 1045 usus
364 999 530 1062 scripti
554 1000 604 1046 in
635 1000 779 1048 rebus
818 1000 1094 1048 domesticis
1119 1009 1169 1048 et
1191 1007 1464 1047 mercatura
1479 1015 1527 1058 ες
1565 998 1711 1046 nullae

223 1064 565 1127 geographicae
602 1065 806 1124 tabulae3
863 1065 1071 1129 denique
1112 1065 1233 1112 nulli
1278 1064 1528 1121 tabellarii,
1565 1063 1711 1111 nullae

224 1128 455 1192 epistolae‚
494 1146 696 1192 quarum
731 1132 769 1178 si
808 1131 1113 1179 consuetudo
1149 1130 1320 1178 fuisset
1359 1131 1410 1177 in
1449 1130 1604 1194 patria
1643 1129 1711 1178 U-

221 1192 373 1256 lyssiS‚
409 1194 488 1241 vel
513 1196 550 1242 si
576 1196 755 1242 πτυκτοὶ
775 1198 941 1250 πίνακες
976 1196 1427 1261 percontationibus
1449 1211 1710 1259 procorum

220 1266 274 1305 et
297 1258 581 1307 Telemachi
606 1260 920 1319 suffecissent,
956 1262 1128 1326 procul
1152 1261 1302 1308 dubio
1338 1260 1608 1325 Odysseam
1632 1259 1712 1306 ali-

220 1330 342 1386 quot
363 1323 495 1372 libris
518 1326 804 1384 breviorem,
833 1336 930 1384 aut,
957 1336 1014 1376 ut
1039 1327 1334 1375 Roussavius
1365 1326 1658 1390 conjiciebat
1671 1331 1705 1382 ἀ,

222 1389 423 1438 omnino
446 1390 629 1439 nullam
653 1392 956 1440 haberemus.

892 1523 1038 1569 XXI.

285 1650 412 1701 Haec
452 1652 615 1700 omnia
655 1652 883 1717 colligata
904 1654 1032 1701 inter
1069 1669 1134 1709 se,
1173 1652 1296 1701 etin
1333 1669 1432 1701 uno
1474 1668 1707 1717 conspec-

217 1781 317 1823 po'eltis
331 1782 532 1814 celeberrima
545 1793 675 1825 quaeque
690 1783 823 1824 collegit.
866 1784 925 1814 Est
947 1784 1006 1814 hoc
1020 1793 1058 1814 eo
1079 1783 1299 1817 admirabilius,
1323 1782 1408 1823 quod
1434 1783 1555 1825 reliqua
1578 1783 1706 1816 historia

218 1825 335 1857 Cadmi
355 1826 555 1856 nobilissimis
569 1826 684 1856 fabulis
698 1836 824 1857 causam
838 1825 933 1857 dedit.
981 1827 1094 1867 Itaque
1106 1832 1229 1856 tantum
1244 1832 1326 1856 certe
1341 1836 1378 1856 ex
1394 1836 1431 1856 ea
1445 1836 1478 1856 re
1492 1826 1706 1867 colligendum

216 1874 306 1904 esset,
330 1869 460 1899 obscura
475 1867 646 1908 primordia
659 1868 734 1899 artis
749 1879 804 1908 per
818 1869 907 1909 plura
921 1870 1035 1900 saecula
1060 1869 1219 1899 neminem
1245 1869 1455 1908 mythicorum
1478 1869 1640 1908 po‘e'tarum
1665 1870 1705 1901 ad

215 1910 394 1941 ornandum
410 1911 478 1951 ejus
492 1917 651 1942 auctorem
669 1912 803 1942 excitare
818 1913 961 1952 potuisse.
1007 1913 1129 1943 Verum
1152 1913 1254 1952 magis
1277 1912 1311 1941 in
1326 1917 1472 1951 promptu
1486 1912 1545 1942 erit
1558 1918 1642 1943 recta
1655 1922 1705 1943 ra-

215 1953 269 1989 tio,
293 1953 319 1983 si
332 1953 399 1993 ipsa
413 1953 468 1984 illa
483 1954 653 1994 primordia
666 1954 750 1994 apud
767 1955 892 1986 Graecos
908 1966 972 1986 non
986 1955 1089 1995 priora
1103 1955 1232 1985 fuerunt
1246 1955 1360 1985 saeculo
1377 1954 1440 1984 IX.
1455 1960 1527 1985 ante
1544 1955 1620 1985 Chr.

258 2006 278 2026 a
301 1996 353 2026 De
366 1997 459 2027 verbo
474 1998 590 2039 γράφειν
605 1997 678 2028 satis
692 1997 813 2028 dictum
829 2005 885 2029 est.
930 1999 1097 2039 Nusquam
1119 1997 1152 2028 id
1166 1997 1250 2037 apud
1264 1997 1453 2038 antiquiores
1467 1997 1537 2027 illos
1550 1996 1634 2028 idem
1651 2007 1705 2028 va·

215 2037 268 2074 iet,
293 2038 377 2080 quod
392 2039 466 2070 inde
481 2042 521 2070 ab
537 2040 687 2081 AEschylo
701 2047 732 2071 et
757 2041 897 2072 Pindaro
922 2041 1050 2082 vulgare
1071 2048 1125 2072 est.
1170 2041 1316 2072 Deducta
1341 2039 1416 2071 iude
1440 2040 1578 2076 nomina,
1603 2041 1703 2084 γραφὴ

216 2087 249 2112 et
264 2082 400 2125 γράμμα,
424 2083 490 2122 ipsa
504 2093 627 2124 quoque
641 2089 714 2114 sunt
729 2084 905 2123 posteriora.
950 2085 1156 2115 Annotarunt
1177 2085 1236 2114 hoc
1261 2089 1377 2114 veteres
1392 2083 1426 2113 in
1442 2083 1511 2114 loco
1524 2082 1580 2114 illo
1595 2083 1703 2119 Hom„

216 2124 339 2155 ubieos
354 2127 435 2164 σῆμα
450 2131 496 2157 ter
521 2127 657 2166 positum
682 2126 820 2157 offendit.
868 2127 1070 2158 Variatur-um
1095 2127 1194 2157 fuisse
1218 2127 1341 2166 po'e'tam
1364 2127 1522 2166 putabant,
1543 2126 1570 2156 si
1595 2125 1650 2156 illa
1673 2127 1704 2157 ei

217 2173 294 2198 nota
309 2167 449 2198 fuissent·
495 2169 639 2200 Eustath.
654 2169 676 2200 l.
694 2179 719 2200 c.
765 2171 802 2201 Τὸ
817 2172 946 2213 ’γράμμα
961 2172 1011 2202 οὐκ
1035 2169 1103 2202 οἶδεν
1129 2171 1141 2200 ὁ
1166 2171 1283 2204 ποιητής
1319 2171 1341 2201 εἷ
1363 2171 1422 2212 γὰρ
1445 2169 1492 2200 ἐπ’
1518 2169 1611 2200 αὐτοῦ
1623 2169 1656 2203 »Tr
1678 2170 1703 2200 ir

217 2211 328 2252 χρήσει,
344 2212 431 2242 καθὰ
447 2213 498 2242 καὶ
521 2213 537 2245 ἡ
553 2214 577 2243 ἔν
591 2211 739 2254 Ὀδυσσείᾳ
760 2214 905 2256 γραπτίις,
929 2215 979 2244 οὐκ
996 2213 1031 2244 viv
1054 2214 1112 2256 τρὶς
1138 2211 1203 2244 εἷπε
1228 2214 1261 2244 τὸ
1284 2214 1373 2251 aiffa,
1398 2214 1540 2251 ἐπιμείνας
1566 2214 1605 2255 τῇ
1630 2213 1704 2251 λίξει

217 2251 266 2284 διὰ
280 2253 315 2284 τὸ
327 2255 440 2296 μονίῖρες
457 2255 508 2286 καὶ
523 2256 637 2298 καίριον.
679 2256 810 2298 Γράμμα
823 2256 961 2295 primum
978 2256 1096 2295 reperio
1121 2255 1206 2296 apud
1230 2256 1396 2286 Erinnam.
1441 2255 1553 2296 Neque
1575 2256 1704 2296 anaya-

219 2309 271 2332 ναι,
293 2297 399 2335 legere,
423 2303 478 2328 aut
492 2297 594 2328 simile
609 2298 735 2338 aliquid,
756 2298 800 2328 ibi
816 2299 870 2329 ubi
884 2299 916 2329 id
931 2299 1067 2330 maxime
1092 2305 1258 2338 exspectes
1285 2299 1442 2336 invenias3
1465 2298 1521 2328 etsi
1535 2297 1598 2328 alio
1611 2308 1704 2329 sensu

216 2337 333 2369 dicitur
347 2340 471 2379 σήματα
485 2342 643 2381 immin-vat
659 2341 770 2381 odyss.
786 2341 822 2372 τ’.
835 2345 906 2373 250.
923 2342 970 2381 ψ’.
986 2346 1057 2373 206.
1072 2341 1111 2373 ω’.
1125 2345 1198 2373 545.
1243 2342 1390 2382 Denique
1403 2340 1590 2372 vocabulum
1605 2339 1703 2376 δέλτος

217 2390 284 2412 non
308 2388 354 2412 est
379 2383 538 2424 antiquius
566 2384 716 2424 AEschylo
738 2390 769 2414 et
789 2390 915 2416 auctore
938 2385 1305 2425 Batrachomyomachiae,
1337 2383 1528 2425 temporibus
1552 2383 1701 2425 AEschyli,

217 2423 252 2455 id
267 2424 352 2465 quod
377 2425 472 2456 etiam
497 2427 643 2457 nonnulli
665 2437 702 2457 ex
717 2428 871 2458 veteribus
893 2427 1045 2464 viderunt,
1069 2428 1190 2469 aequali.

260 2468 282 2498 b
297 2467 382 2497 Vide
397 2468 465 2499 loca
479 2469 511 2499 in
531 2469 558 2500 1.
574 2470 612 2500 E.
627 2470 744 2500 Kocbii
759 2470 877 2501 libello:
906 2471 1035 2502 Literar.
1058 2471 1207 2512 Mag-azin
1224 2470 1252 2501 Ι.
1267 2481 1296 2511 p.
1314 2473 1365 2502 76.

259 2519 279 2540 c
300 2509 393 2541 Talia
406 2521 525 2552 quaeras
541 2513 574 2542 in
591 2513 725 2544 Hesiodi
736 2516 859 2557 Ἔργοις.
894 2514 938 2544 At
954 2514 1065 2555 Odyss.
1080 2515 1122 2546 θ’.
1140 2517 1208 2545 165.
1224 2514 1258 2543 in
1273 2514 1345 2544 navi
1360 2517 1621 2544 commemoratur
1636 2513 1702 2556 φέρ-

219 2566 270 2584 ‹rou
283 2554 406 2593 μνήμων.
450 2555 526 2586 Jam
548 2555 687 2587 conferat
711 2556 829 2597 aliquis,
853 2557 879 2587 si
903 2559 1022 2597 poterit,
1049 2558 1212 2588 Romanos
1233 2557 1378 2587 homiues
1399 2567 1418 2586 a
1433 2558 1588 2587 memoria.
1632 2556 1701 2587 Nos

217 2595 384 2638 antiquum
395 2607 489 2628 usum
504 2599 664 2638 sequimur
681 2599 791 2639 Odyss.
807 2600 843 2640 φ’.
855 2604 905 2632 95.
946 2601 1057 2642 Neque
1071 2610 1217 2632 curamus
1225 2599 1383 2630 Eustathii
1398 2598 1520 2638 explic„
1534 2600 1546 2630 ὁ
1561 2612 1585 2639 »y
1600 2612 1705 2638 αμμα.

218 2639 283 2673 «τεὺς
308 2640 369 2673 ἤτοι
393 2642 607 2683 ἀποσημάντωρ
623 2642 668 2673 διὰ
695 2645 888 2685 γραμμάτων·
909 2644 924 2677 ἦ
951 2646 1004 2675 καὶ
1027 2645 1138 2680 ἄλλως,
1161 2643 1309 2683 λογιστῆς,
1333 2643 1520 2681 imnum-955.
1562 2613 1704 2674 'Igametsi

218 2682 289 2712 haec
303 2692 426 2723 quoque
441 2685 514 2714 satis
528 2685 664 2724 produnt
678 2692 818 2716 veterum
835 2687 940 2726 Intpp.
956 2687 1150 2718 sententiam.
1196 2686 1353 2716 Caeterum
1369 2684 1511 2721 riderent,
1535 2685 1561 2715 si
1582 2686 1642 2716 hoc
1656 2685 1702 2716 le-

218 2731 336 2764 gerent,
361 2725 516 2758 institores
530 2734 561 2757 et
576 2728 711 2767 propolae
726 2729 830 2759 nostri.
875 2730 924 2760 Ex
939 2740 1002 2771 quo
1023 2729 1132 2761 ordine
1154 2739 1213 2769 ego
1233 2729 1299 2768 ipse
1324 2728 1494 2769 aliquando
1508 2727 1612 2758 audivi
1628 2738 1700 2759 mu-

218 2767 329 2798 lierem
343 2769 502 2809 quandam
516 2769 781 2802 illiteratissimam
798 2782 854 2802 nec
869 2779 979 2803 caetera
993 2773 1147 2804 valentem
1159 2773 1293 2812 ingenio,
1316 2781 1415 2812 quum
1431 2771 1701 2802 enumerationem

217 2809 334 2842 faceret
347 2813 509 2850 mercium,
531 2823 608 2854 quas
633 2814 724 2845 variis
748 2814 781 2845 in
805 2815 927 2854 oppidis
951 2816 1091 2847 conditas
1104 2816 1238 2851 haberet,
1262 2814 1340 2846 adeo
1362 2814 1499 2856 longam,
1523 2821 1559 2845 ut
1572 2814 1701 2845 fortasse

216 2862 290 2884 cum
303 2855 421 2895 μιῆμοη
434 2855 604 2888 Phoeniciae
625 2858 712 2888 navis
726 2864 842 2888 certare
865 2859 1022 2897 potuisset.

259 2896 280 2926 d
302 2897 500 2939 Dignissima
515 2906 562 2930 est
580 2901 750 2932 acutissimi
776 2901 831 2931 viri
856 2903 1015 2938 sententia,
1039 2912 1109 2943 quae
1124 2907 1188 2932 tota
1203 2902 1265 2932 huc
1286 2900 1510 2932 transcribatur
1532 2910 1570 2931 ex
1598 2899 1703 2940 Opus-

217 2938 291 2969 culo
306 2940 373 2980 ejus
395 2952 448 2972 sur
469 2942 622 2983 l'Origine
644 2946 695 2974 des
717 2946 874 2984 Langues,
899 2945 1033 2975 OEuvres
1056 2945 1154 2984 posth.
1184 2945 1301 2975 Geuev.
1327 2944 1400 2975 edit.
1427 2947 1517 2975 1782.
1540 2943 1577 2974 Τ.
1604 2942 1700 2974 XVI.

215 2989 247 3020 p.
264 2985 337 3014 240.
384 2989 402 3004 ‘⁴
415 2984 499 3021 Quoi
513 2986 610 3027 qu'on
626 2997 705 3018 nous
719 2986 786 3018 dise
800 2986 839 3018 de
854 2987 1034 3019 l'invention
1049 2987 1089 3018 de
1104 2987 1268 3027 l'alphabet
1286 2988 1376 3023 Grec,
1395 2987 1430 3028 je
1453 2986 1484 3018 la
1508 2986 1588 3018 crois
1601 2987 1696 3018 beau-
