1856 3235
594 223 1155 301 PROLEGOMENA.
1547 235 1643 278 269

139 356 415 424 scripturas,
440 371 667 419 magnam
692 362 827 404 certe
849 362 1054 419 partem,
1081 372 1181 403 non
1204 356 1318 405 alias
1345 375 1465 416 esse,
1490 376 1636 424 quam

138 425 463 489 antiquiorum
496 421 842 486 plerorumque
877 421 1125 470 librorum.
1197 422 1356 486 quue
1398 442 1547 490 quum
1586 434 1638 474 et

138 490 421 555 conjectura
441 486 692 551 probabile
720 487 795 544 sit,
825 493 875 535 et
898 487 1082 551 aliquot
1113 487 1303 536 idoneis
1338 492 1638 554 argumentis

135 555 436 619 intelligatur
459 569 492 609 ²,
531 553 889 617 circumspecte
929 554 1067 602 nobis
1094 553 1420 618 judicandum
1445 558 1536 604 erit
1571 558 1633 605 de

136 621 356 687 principe
393 618 703 676 Criticorum‚
730 636 793 667 ne
825 619 919 684 ipsi
947 620 1245 684 imputemus
1279 621 1411 678 vitia,
1450 638 1558 686 quae
1594 625 1639 672 ei

137 686 338 735 forsitan
364 685 643 733 communia
664 684 850 733 fuerint
874 702 986 733 cum
1010 685 1290 734 doctissimo
1314 704 1508 752 quoque
1535 690 1638 739 illo-

139 768 246 799 rum
268 758 562 813 temporum.

204 816 334 864 Nam
357 816 420 864 de
443 816 501 864 iis
525 817 654 865 vitiis
678 824 728 865 et
751 818 1009 874 erroribus,
1036 818 1210 881 quibus
1242 835 1437 867 omnem
1463 828 1513 868 et
1540 821 1644 870 Ho-

135 882 332 930 mericae
356 890 406 930 et
430 882 621 930 Graecae
646 883 878 931 orationis
905 900 1068 931 veram
1097 885 1338 932 rationem
1360 894 1642 949 pervertere

135 948 346 1005 videtur,
373 947 514 996 aliter
545 948 597 995 in
622 949 802 997 saeculo
836 949 1166 1012 grammaticis
1200 952 1459 1015 praeceptis
1494 954 1642 1001 abun-

137 1014 302 1070 dante,
351 1013 491 1062 aliter
529 1014 581 1061 in
624 1014 709 1062 illo
755 1023 969 1063 statuere
1012 1016 1262 1065 convenit.
1335 1017 1471 1066 Ante
1507 1020 1639 1067 enim

137 1157 189 1184 tur
210 1153 247 1183 in
260 1151 370 1193 primis
382 1152 534 1184 ridiculae.
579 1153 631 1183 Ita
647 1153 790 1194 egregios
803 1153 874 1184 illos
895 1155 934 1185 α’.
960 1157 1032 1186 219.
1048 1158 1121 1185 220.
1143 1157 1346 1188 contrahebat
1370 1157 1406 1188 in
1421 1159 1507 1190 hunc
1521 1170 1624 1192 unum
1641 1176 1646 1191 z

401 1244 470 1278 ‘¹125
487 1242 572 1274 εἰπὸν
587 1243 678 1274 πάλιν
692 1241 747 1274 ‹ffb-s
761 1242 846 1284 μέγα
862 1242 948 1283 ξίφος,
974 1242 1027 1275 01’2'0'
1043 1244 1184 1277 &wisza-2.

142 1333 330 1377 Eodemque
353 1335 387 1365 in
410 1333 490 1365 libro
516 1342 574 1373 pro
592 1335 664 1364 446.
683 1335 756 1364 447.
781 1333 867 1364 hunc
882 1333 1033 1364 habebat:

393 1426 461 1458 ‘¹525
478 1422 563 1454 εἶπεν·
587 1423 630 1454 τοὶ
646 1421 668 1453 δ’
683 1421 749 1453 ἦκα
764 1423 825 1463 θεῷ’
839 1423 909 1466 ἱερὴν
926 1423 1101 1463 ἒκωτέμβκγ.

148 1502 188 1531 Β’.
207 1504 257 1575 δέ).
285 1510 349 1540 sqq.
364 1498 456 1529 tertia
480 1497 625 1538 repetitio
640 1497 814 1528 eorundem
837 1507 985 1528 versuum
1000 1498 1028 1529 ei
1044 1498 1122 1529 adeo
1145 1499 1335 1540 displicebat,
1359 1509 1394 1534 ut
1419 1514 1476 1544 pro
1492 1508 1533 1538 65
1545 1508 1647 1539 -70,

147 1544 205 1574 hos
241 1553 298 1574 uos
312 1543 409 1578 daret,

399 1618 517 1657 'Hm'ayn
532 1629 562 1648 σε
578 1617 678 1659 πατὴρ
695 1616 857 1656 ὑψίζυγος,
879 1617 975 1660 αἰθέρι
995 1617 1083 1651 ναίων,

403 1662 492 1704 Τρωσὶ
507 1661 714 1701 μαχήσασθαι
729 1661 814 1703 προτὶ
823 1661 921 1691 Ἴλιον.
960 1661 1026 1694 “Ὠς
1043 1661 1056 1691 ὖ
1070 1661 1121 1701 μὶν
1139 1662 1231 1693 εἶπάν,

145 1747 196 1779 Cf.
209 1747 301 1779 Eust.
318 1757 348 1786 p.
366 1749 435 1777 175.
481 1746 633 1777 Similiter
646 1746 818 1785 ineptiebat
838 1746 871 1777 in
887 1748 927 1778 τ’.
942 1751 994 1780 89.
1009 1756 1074 1788 sqq.
1089 1753 1122 1778 et
1145 1747 1217 1779 aliis
1241 1748 1329 1781 locis
1374 1752 1420 1782 At
1445 1752 1479 1783 in
1504 1754 1647 1794 pluribus

142 1792 269 1827 horum,
292 1790 431 1821 maxime
455 1788 509 1825 ibi,
534 1789 589 1820 ubi
609 1789 727 1830 aliquid
744 1789 837 1829 plane
852 1790 966 1826 omisit,
989 1791 1088 1821 cuivis
1101 1798 1247 1823 nascatur
1261 1794 1405 1833 suspicio,
1433 1791 1644 1835 partem²cul-

145 1844 195 1874 pae
208 1835 243 1865 in
258 1833 343 1864 mala
366 1832 429 1864 fide
442 1833 644 1874 antiquorum
659 1833 896 1874 exemplarium,
921 1843 986 1865 non
1009 1834 1044 1864 in
1069 1835 1222 1866 Zenodoti
1245 1836 1377 1878 ingenio
1400 1839 1475 1876 solo,
1501 1851 1643 1882 quaeren·

146 1877 223 1908 dam
249 1887 323 1908 esse.

186 1931 207 1952 a
227 1920 364 1951 Trinum
379 1929 475 1950 omne
489 1918 672 1958 perfectum,
696 1919 795 1950 aiunt.
840 1920 879 1952 B'.
897 1923 969 1953 196.
991 1920 1145 1960 pluralem
1171 1923 1262 1954 affert
1287 1923 1417 1956 Aristot.
1434 1925 1528 1958 Rhe«.
1546 1928 1595 1959 ΙΙ.
1612 1934 1645 1961 2.

146 1965 176 1995 7.
199 1964 373 2007 Διπςεφέων
386 1963 542 1999 βασιλήων.
586 1963 651 1993 Ubi
666 1973 819 1994 numerus
844 1964 1006 1995 sententiae
1026 1975 1119 1996 causa
1142 1976 1162 1996 a
1183 1966 1369 2006 philosopho
1391 1974 1512 2008 poterat
1537 1979 1646 2003 muta-

145 2006 318 2038 tusvideri.
364 2006 426 2036 Sed
447 2006 533 2037 ecce!
558 2005 691 2037 eandem
707 2008 893 2046 scripturam
908 2017 995 2039 nunc
1010 2017 1049 2040 ex
1077 2009 1211 2040 Scholiis
1235 2010 1388 2041 discimus
1411 2012 1565 2045 Zenodoti
1592 2016 1645 2046 fu-

145 2050 218 2081 isne.
264 2049 371 2090 Magis
384 2048 521 2080 notabile
536 2050 595 2079 hoc
610 2055 664 2085 est,
686 2049 770 2090 quod
786 2049 872 2080 idem
887 2050 1011 2082 duobus
1027 2057 1082 2082 aut
1096 2052 1238 2091 pluribus
1259 2063 1326 2088 vss..
1351 2061 1433 2085 certe
1458 2055 1497 2092 β’.
1517 2061 1586 2088 144.
1613 2059 1648 2098 ξ’.

145 2097 227 2128 499.,
251 2092 438 2123 vocabulum
453 2091 626 2123 absurdum
647 2098 679 2123 et
692 2093 782 2123 nobis
796 2092 890 2132 plane
904 2093 1052 2134 ignotum
1067 2094 1188 2126 dedisse
1205 2096 1345 2131 traditur,
1370 2099 1409 2138 φὴ
1426 2109 1482 2138 pro
1504 2101 1549 2135 ὥς.
1596 2105 1645 2136 mh

147 2137 274 2177 κύματι
288 2137 393 2179 μακρὰ
406 2137 574 2171 θαλάσσης,
597 2137 631 2166 ‘0
645 2135 672 2166 δὲ
689 2136 727 2176 φὴ
743 2136 858 2167 κάδειαν
873 2137 1020 2178 ἀνασχών.
1066 2138 1129 2169 Sed
1152 2138 1241 2169 istius
1266 2141 1399 2171 monstri
1425 2152 1502 2173 usus
1524 2154 1562 2174 ex
1589 2148 1648 2181 τοῖς

146 2181 213 2219 μετ’
229 2179 361 2221 Ὅμηρον,
384 2179 573 2210 nominatim
588 2179 782 2210 Antimacho
796 2185 828 2210 et
845 2180 1046 2216 Callimacho,
1070 2181 1302 2214 demonstratur
1316 2184 1350 2214 in
1368 2184 1511 2216 Scholiis.
1557 2187 1647 2219 Num

146 2222 183 2254 id
197 2232 274 2263 ergo
289 2221 476 2253 Zenodooeae
490 2229 628 2253 monetae
647 2222 850 2262 putabimus?
879 2223 930 2254 Ita
945 2224 985 2255 de
999 2234 1058 2255 vss.
1073 2226 1113 2255 ab
1127 2235 1165 2256 eo
1179 2227 1302 2267 rejectis
1327 2228 1426 2258 semel
1451 2235 1587 2267 notatur,
1612 2233 1647 2276 ρ’,

149 2269 222 2297 134.
245 2271 276 2296 et
290 2266 449 2305 proximos
463 2265 542 2296 duos
557 2266 652 2297 etiam
666 2276 685 2296 a
703 2266 856 2298 Chiorum
882 2267 1027 2307 exemplo
1051 2269 1197 2300 abfuisse.
1244 2270 1372 2301 Addere
1394 2271 1443 2301 his
1468 2273 1576 2309 multa,
1602 2277 1649 2306 fa-

147 2309 305 2341 cillimum
319 2315 375 2339 est.
419 2311 463 2340 A'.
484 2312 557 2340 216.
572 2310 726 2353 σφωΐτεςο,
740 2309 776 2340 in
790 2309 928 2341 secunda
948 2321 1080 2350 persona
1104 2312 1272 2354 singularis
1297 2315 1422 2345 numeri
1444 2316 1589 2348 adhibuit
1613 2321 1649 2351 Z.

151 2352 244 2384 Infra
264 2352 449 2388 videbimus,
483 2352 517 2383 id
538 2359 570 2383 et
594 2353 664 2384 aliis
684 2353 784 2392 po'e'tis
808 2353 1034 2385 Alexandrinis
1059 2355 1222 2395 placuisse,
1245 2367 1324 2398 quos
1350 2368 1444 2388 nemo
1468 2359 1582 2392 dixerit
1608 2365 1647 2394 ab

148 2406 216 2427 uno
232 2396 267 2426 Z.
289 2395 443 2435 deceptos.
489 2395 536 2428 Ξ’.
559 2399 632 2426 442.
653 2397 762 2430 Ὀϊλῆα
776 2397 861 2427 male
876 2399 1017 2433 mutavit,
1042 2399 1198 2440 inquiunt,
1221 2400 1254 2430 in
1270 2402 1366 2434 'nim
1413 2402 1526 2433 Statim
1542 2412 1573 2435 et
1589 2407 1649 2437 hu-

145 2439 200 2480 jus
213 2439 325 2470 formae
339 2440 506 2480 antiquum
520 2449 615 2470 usum
630 2439 925 2472 demonstrabimus.
969 2441 1008 2472 B'.
1030 2445 1102 2473 484.
1126 2442 1212 2474 dedit
1229 2445 1338 2476 Μρῦσαι
1351 2445 1551 2481 βαθύκολποι.
1591 2450 1649 2480 Ri-

148 2482 227 2514 dent
239 2482 408 2522 epitheton,
431 2484 470 2513 ab
493 2482 638 2514 Homero
655 2483 801 2514 Barbaris
814 2484 911 2515 modo
932 2484 999 2515 dari
1026 2485 1162 2517 solitum.
1209 2488 1255 2517 At
1280 2488 1496 2519 auctoritatem
1523 2490 1650 2523 lectioni

150 2525 299 2558 conciliat
312 2525 472 2557 Pindarus
488 2525 578 2566 Pyth.
600 2527 626 2556 Ι.
648 2529 707 2562 23,
730 2537 832 2567 quum
846 2533 987 2559 veterum
1002 2529 1231 2568 exemplarium
1249 2530 1342 2561 fidem
1359 2531 1554 2570 ignoremus.
1601 2536 1651 2567 De

150 2569 210 2605 hac
220 2575 329 2602 autem
345 2569 553 2610 quaerendum
579 2569 682 2600 fuerat
705 2570 867 2607 veteribus,
890 2571 1072 2612 priusquam
1098 2573 1252 2605 Zenodoti
1266 2574 1424 2616 insignem
1441 2576 1605 2610 audaciam
1621 2585 1652 2610 et

151 2611 363 2654 ignorantiam
379 2612 526 2644 riderent.

408 2702 509 2742 Ἥμεῖς
524 2702 585 2745 γὰρ
600 2702 683 2737 azio:
699 2701 752 2734 οἷον
766 2702 917 2744 ἀκοᾶομκ,
941 2703 1000 2736 οὖδί
1016 2719 1044 2737 τι
1057 2705 1146 2747 ἴδμεν.

156 2780 247 2820 Nihil
261 2789 386 2827 scimus,
409 2790 469 2822 nisi
485 2791 560 2832 quid
576 2792 609 2821 in
628 2791 712 2823 illius
726 2793 908 2824 recensione
932 2794 1051 2826 lectum
1076 2795 1173 2827 fuerit
1197 2797 1288 2837 olim;
1313 2798 1353 2829 de
1374 2798 1496 2839 judicio
1518 2799 1578 2830 viri
1600 2809 1656 2840 pa-

153 2838 227 2863 rum
245 2840 384 2871 constan
405 2834 461 2865 sed
475 2835 542 2874 ipsa
556 2845 605 2866 res
620 2836 733 2877 arguit,
756 2835 893 2875 plurima
906 2837 982 2869 vitia
996 2848 1071 2869 eum
1085 2849 1124 2871 ex
1149 2841 1379 2882 antiquioribus
1404 2841 1545 2874 fontibus
1570 2849 1654 2874 trax-

153 2875 227 2950 {1⁵3⁹
248 2886 318 2951 (ἔατε
333 2877 382 2908 vel
396 2877 583 2910 doctissimis
609 2880 722 2919 po'e'tis.
745 2879 853 2922 quales
867 2881 1081 2914 Antimachus
1103 2889 1135 2915 et
1154 2883 1369 2917 Callimachus
1393 2884 1532 2924 fuerunt,
1554 2886 1658 2927 impo-

214 2929 253 2950 en
