1856 3235
586 235 1145 286 PROLEGOMENA,
1531 247 1623 288 245

658 471 660 473 μ
700 437 945 487 XXXVI.

201 577 364 624 Altera
384 578 496 619 oetas
519 587 546 618 a
570 569 887 619 Pisistratidis
909 570 972 618 ad
1011 572 1298 619 Zenodotum
1333 588 1433 619 non
1469 575 1626 623 multo

134 643 240 708 plus
262 638 384 687 lucis
407 637 557 685 habet
580 653 726 700 quam
750 636 833 684 illa
854 636 1024 701 prima.
1096 636 1246 693 Quod
1271 638 1410 686 nobis
1434 647 1506 686 est
1529 641 1627 688 val-

135 709 198 756 de
219 703 502 760 dolendum,
538 703 766 766 quoniam
790 703 842 749 in
878 719 934 751 ea
957 702 1167 766 origines
1202 704 1478 767 quaerendae
1514 714 1627 754 sunt

133 772 288 821 omnis
327 769 756 833 interpretationis,
793 784 904 832 quae
940 769 1137 832 quidem
1179 770 1309 834 apud
1344 776 1535 818 veteres
1576 772 1627 819 in

133 855 225 886 usu
269 835 381 884 fuit.
473 835 601 883 Nam
648 841 909 897 antequam
966 851 1071 882 eam
1118 834 1431 884 refertissima
1474 836 1629 884 literis

130 911 246 952 aetas
269 901 467 965 'majore
502 908 735 964 apparatu
775 900 1166 964 aggrediebatur,
1210 901 1505 966 Philosophi,
1546 903 1628 950 So-

130 969 305 1034 phistae
330 976 380 1016 et
404 967 484 1014 alii
506 966 771 1014 liberaliter
795 966 973 1014 eruditi
997 966 1265 1030 specimina
1289 968 1527 1016 dederant
1557 969 1629 1016 in-

131 1033 432 1099 terpretandi
466 1032 697 1092 Homeri;
734 1049 849 1080 mox
891 1032 1107 1080 studium
1146 1033 1626 1098 multiplicandorum

131 1100 496 1164 exemplarium,
517 1099 861 1147 necessitatem
873 1098 1076 1147 afferens
1095 1115 1122 1146 e
1139 1099 1341 1148 diversis
1360 1100 1627 1165 scripturis,

133 1184 250 1232 quas
275 1165 501 1230 rhapsodi
536 1165 980 1229 suppeditaverant,
1018 1165 1223 1228 optimas
1263 1183 1476 1230 quasque
1514 1167 1631 1214 deli-

134 1232 300 1296 gendi‚
326 1233 456 1279 viam
495 1231 707 1278 munivit
747 1231 810 1278 ad
837 1229 1188 1278 accuratiorem
1232 1233 1370 1297 κρίσιν.
1441 1232 1627 1281 Verum

136 1299 199 1346 de
222 1298 296 1345 his
318 1296 483 1361 paullo
509 1296 789 1344 distinctius
820 1296 1116 1344 tradendum
1141 1305 1229 1345 est.

203 1364 283 1412 Ac
306 1363 462 1427 primo
487 1362 686 1426 quidem
720 1370 942 1426 tempore
982 1369 1033 1410 et
1071 1379 1210 1427 paene
1235 1363 1297 1411 ad
1331 1364 1532 1412 Periclis
1555 1383 1631 1413 us-

135 1446 229 1495 que
253 1437 448 1477 aetatem
473 1428 670 1476 Graecia
712 1428 986 1476 Homerum
1023 1433 1074 1476 et
1098 1436 1299 1478 caeteros
1333 1430 1497 1484 ἀοιδοὺς
1521 1448 1633 1480 suos

135 1497 297 1544 adhuc
338 1495 589 1543 auditione
630 1495 783 1559 magis
832 1510 976 1558 quam
1020 1493 1235 1543 lectione
1283 1498 1628 1562 cognoscebat.

138 1562 411 1609 Paucorum
438 1561 583 1608 etiam
621 1568 727 1607 tum
767 1568 870 1608 erat
911 1577 1027 1608 cura
1050 1561 1310 1619 scribendi,
1346 1562 1495 1610 lectio
1519 1580 1631 1628 ope-

135 1645 244 1675 rosa
267 1636 317 1674 et
341 1625 570 1686 difficilis3
608 1626 774 1690 itaque
814 1625 1066 1689 rhapsodis
1093 1628 1303 1675 maxime
1330 1644 1525 1691 operam
1551 1629 1632 1677 da-

139 1695 273 1750 bant,
312 1692 539 1756 captique
575 1692 699 1740 mira
739 1691 1000 1739 dulcedine
1038 1701 1210 1740 cantus
1247 1695 1306 1741 ab
1330 1693 1526 1741 illorum
1552 1712 1635 1743 ore

135 1759 432 1825 pendebant.
503 1758 563 1805 In
590 1757 863 1806 clarissimis
886 1757 1028 1822 hujus
1064 1759 1228 1807 saeculi
1263 1759 1513 1824 rhapsodis
1537 1778 1635 1810 me-

138 1832 354 1874 moratur
401 1823 533 1872 circa
579 1823 776 1888 Olymp.
836 1823 1028 1871 LXIX.
1088 1825 1373 1890 Cynaeffius,
1427 1826 1636 1876 Pindaro

139 1891 350 1956 aequalis,
388 1890 472 1953 qui
497 1889 624 1938 Chio
644 1890 982 1954 commigravit
1007 1890 1279 1956 Syracusas,
1305 1891 1383 1940 vel
1407 1893 1473 1940 ibi
1489 1895 1637 1941 maxi-

143 1975 222 2006 me
259 1964 412 2004 artem
446 1955 743 2004 factitavit³.
817 1956 985 2020 Atque
1026 1956 1170 2021 hujus
1210 1957 1520 2022 professionis
1555 1959 1640 2008 ho-

142 2023 296 2070 mines
321 2039 471 2086 quum
496 2038 640 2069 omne
664 2031 857 2085 tempus
898 2032 1245 2071 consumerent
1284 2025 1334 2071 in
1370 2024 1635 2073 ediscendo

142 2092 302 2153 poeta,
340 2088 538 2136 eosdem
590 2088 692 2151 ejus
726 2088 906 2152 primos
963 2088 1255 2153 interpretes
1289 2089 1437 2137 fuisse
1476 2099 1636 2155 putes.

144 2155 240 2203 Sed
264 2154 400 2202 nullo
439 2154 491 2202 id
532 2154 845 2201 confirmatur
885 2162 1020 2202 certo
1061 2155 1340 2203 testimonio
1375 2156 1637 2220 scriptoris.

146 2220 296 2277 Quod
319 2221 448 2268 enim
474 2237 501 2267 a
525 2219 770 2268 nonnullis
809 2220 1006 2268 affertur
1030 2220 1259 2278 Platonis,
1299 2221 1420 2269 illud
1460 2223 1510 2269 in
1545 2223 1639 2271 isto

144 2294 384 2335 contextu
411 2286 473 2333 ad
496 2286 713 2349 quemvis
738 2294 953 2334 actorem
995 2303 1156 2335 scenae
1195 2287 1444 2336 transferri
1468 2297 1639 2352 potue-

145 2360 220 2401 rat
234 2351 269 2399 ι’.
340 2351 587 2408 Quocirca
624 2369 723 2400 non
761 2353 948 2409 dubito,
992 2353 1109 2417 quin
1134 2354 1453 2418 antiquissimi
1488 2355 1641 2418 philo-

143 2418 282 2483 sophi
307 2426 530 2466 auctores
564 2418 979 2483 interpretationis
1020 2420 1231 2467 habendi
1269 2420 1379 2476 sint,
1418 2429 1468 2468 et
1500 2421 1642 2469 initio

146 2484 345 2548 quidem
386 2487 699 2548 πραγματικῆς.
770 2484 899 2533 Nam
938 2486 1196 2533 verborum
1237 2486 1505 2534 obscuritas
1549 2487 1642 2534 illis

187 2625 207 2646 a
230 2615 333 2646 Schol.
352 2615 445 2646 Pind.
459 2614 500 2646 ad
518 2614 611 2645 Nem.
630 2615 678 2645 ΙΙ.
695 2625 739 2654 pr.

190 2659 212 2688 b
235 2658 315 2689 Ione
329 2669 360 2699 p.
374 2662 446 2690 530.
464 2660 500 2690 C.
521 2659 564 2690 Οὔ
580 2660 639 2702 γὰρ
656 2659 764 2698 γίνοιτὸ
779 2671 848 2690 ποτε
864 2658 1006 2701 ῥαψῳδός,
1023 2661 1047 2691 u'
1059 2661 1102 2701 μὴ
1118 2661 1196 2703 αυνῖῃ
1212 2661 1254 2692 τὰ
1268 2661 1412 2702 λεγῦμενα
1429 2661 1484 2692 ὖτδ
1500 2662 1550 2692 τοῦ
1564 2673 1642 2694 orom-

148 2702 206 2732 τοῦ.
250 2706 300 2732 Τὸν
312 2703 372 2744 ’γὰρ
386 2701 519 2744 ῥαψῳδὸν
531 2702 647 2744 ἑρμηνέα
662 2700 705 2732 δεῖ
715 2703 767 2732 «τοῦ
781 2704 899 2736 ποιητοῦ
914 2705 965 2736 τ’ἦς
983 2702 1100 2738 διανοίας
1117 2705 1276 2744 ’γίγνεσθαι
1291 2708 1349 2740 τοῖς
1368 2705 1520 2736 ἀκούουσιν.
1566 2705 1642 2743 Spe-

148 2744 262 2775 ciosius
276 2751 330 2780 est,
346 2745 429 2786 quod
444 2745 610 2784 respondet
628 2745 673 2779 Io,
691 2755 780 2784 posse
795 2756 828 2776 se
844 2747 1001 2777 κάλλισται
1023 2748 1181 2791 ἀνθρώπων
1203 2748 1298 2788 λέγειν
1314 2749 1376 2790 περὶ
1389 2749 1520 2789 Ὀμήρου,
1545 2757 1644 2787 eaque

149 2787 183 2817 iu
198 2797 231 2817 re
245 2793 361 2819 certare
375 2798 448 2819 cum
471 2788 691 2827 interpretibus
707 2788 843 2827 optimis,
889 2789 930 2819 In
945 2790 1066 2820 caeteris
1078 2791 1207 2831 quidem
1231 2791 1281 2821 hic
1296 2790 1472 2830 pulchellus
1494 2791 1644 2829 interpres

149 2830 229 2860 nihil
242 2831 360 2869 profert
376 2837 464 2862 tanto
477 2832 566 2862 hiatu
581 2831 732 2872 dignum:
753 2832 807 2862 sed
822 2832 958 2872 potuerit
972 2832 1004 2863 id
1027 2833 1136 2869 facere,
1155 2841 1190 2865 ut
1207 2833 1435 2874 Sydenhamius
1447 2838 1558 2866 censet.
1579 2843 1642 2863 non

148 2874 319 2948 ἓξῗτίἒωε
341 2873 381 2906 de
395 2874 555 2916 rhapsodis
570 2874 670 2906 aetatis
686 2874 865 2911 Platonicae,
882 2875 937 2907 sed
950 2875 990 2907 de
1005 2877 1142 2918 antiquis
1167 2877 1394 2909 successoribus
1421 2875 1523 2912 ἀοιδῶν,
1542 2876 1590 2908 Cf.
1616 2887 1644 2917 p.
