1856 3235
251 223 343 261 218
710 214 1263 265 PROLEGOMENA.

256 351 361 391 tum
386 347 475 398 est,
508 359 601 391 nec
622 345 785 408 potuit
819 345 935 402 fieri,
972 354 1028 394 ut
1051 347 1155 409 quis
1179 345 1241 393 ad
1264 345 1408 392 talem
1426 345 1598 393 ludum
1621 362 1729 409 pro-

255 408 382 455 diret
434 408 538 455 sine
597 411 960 473 spectatoribus,
1019 419 1104 458 aut
1151 411 1408 474 longitudo
1455 410 1556 473 ejus
1605 410 1735 460 ultra

262 481 439 528 15,ooo
456 490 624 522 versus
665 484 959 526 excurreret.
1030 476 1217 524 Eodem
1247 485 1392 539 pacto
1433 476 1469 523 si
1514 475 1737 524 Homero

257 538 465 586 lectores
510 539 725 596 deerant,
774 540 915 603 plane
956 557 1054 588 non
1094 557 1334 603 assequor,
1376 540 1494 604 quid
1534 539 1734 590 tandem

257 619 369 651 eum
391 604 638 667 impellere
662 606 898 668 potuisset
931 606 982 653 in
1019 605 1271 653 consilium
1304 614 1356 654 et
1390 606 1737 669 cogitationem

256 677 356 717 tam
379 668 635 733 longorum
661 679 710 717 et
734 670 967 718 continuo
999 671 1208 733 partium
1231 687 1362 718 nexu
1403 680 1737 720 consertorum

256 734 554 782 Carminum.
624 735 806 798 Saepius
831 736 999 784 eadem
1023 743 1213 798 repeto:
1252 735 1337 782 sed
1359 735 1628 784 identidem
1662 752 1736 785 re-

256 800 524 863 petendum
549 808 621 847 est
656 800 778 848 illud
792 817 945 862 posse,
983 801 1120 864 cujus
1162 817 1222 848 ex
1246 801 1349 863 ipsa
1371 801 1580 848 humana
1601 809 1739 853 natu.

256 881 309 912 ra
332 865 401 912 vis
425 873 560 913 tanta
583 874 656 913 est
679 877 730 913 et
752 865 1106 914 firmamentum
1145 882 1302 913 eausae
1324 876 1514 921 nostrae,
1540 876 1611 922 ut,
1647 866 1739 915 nisi

255 929 378 977 illud
400 929 611 986 tollatur,
649 948 791 979 nemo
815 931 917 979 aliis
941 931 1319 987 difficultatibus,
1356 933 1529 994 quibus
1563 947 1621 979 ea
1641 929 1735 980 for-

256 1002 381 1042 tasse
405 995 591 1043 laborat
612 996 844 1059 plurimiS‚
880 996 993 1060 angi
1019 1005 1067 1046 et
1091 996 1336 1044 sollicitari
1360 997 1535 1045 debeat
1553 1000 1586 1043 ².

255 1159 258 1161 .
297 1143 317 1163 a
337 1133 429 1164 Jacta
443 1140 488 1163 est
502 1133 576 1168 alea,
593 1134 633 1164 ad
648 1145 742 1174 quam
753 1141 836 1165 certe
851 1145 914 1165 non
929 1135 1098 1174 imparatus
1112 1135 1232 1166 accessi.
1277 1135 1464 1174 Super-autes
1477 1135 1580 1166 adhuc
1593 1141 1674 1171 sunt,
1689 1136 1738 1175 (et

254 1176 377 1206 utinam
392 1176 447 1206 diu
458 1176 551 1215 sinn)
575 1178 846 1217 memineruntque
861 1177 989 1208 fortasse
1005 1178 1068 1207 duo
1083 1177 1281 1207 literatissimi
1295 1177 1361 1212 viri,
1377 1177 1453 1217 quid
1468 1189 1526 1217 ego
1537 1178 1628 1207 annis
1645 1182 1737 1210 1780.

255 1224 287 1248 et
306 1221 394 1248 1781.
411 1218 449 1248 de
463 1220 521 1249 hac
535 1228 568 1248 re
583 1229 688 1249 secum
714 1226 745 1249 et
759 1220 954 1249 sermonibus
975 1227 1007 1250 et
1021 1220 1118 1250 literis
1139 1220 1266 1260 egerim.
1312 1221 1364 1250 Ab
1388 1220 1442 1249 illo
1455 1219 1530 1250 inde
1544 1227 1682 1259 tempoee
1697 1221 1739 1252 ad

253 1260 331 1292 alias
345 1271 434 1291 curas
447 1261 612 1302 digressus,
627 1272 697 1293 raro
712 1262 792 1292 mihi
813 1262 893 1293 inter
907 1263 1024 1293 amicos
1050 1273 1155 1301 passus
1169 1273 1238 1293 sum
1254 1263 1384 1293 verbum
1398 1262 1546 1298 excidere,
1568 1273 1632 1303 quo
1642 1264 1739 1296 suem

253 1303 335 1333 tium
351 1310 381 1333 et
396 1303 550 1335 firmatam
566 1305 743 1343 opinionem
760 1304 923 1335 doctorum
938 1305 1174 1345 interpellarem,
1218 1306 1324 1335 Etiam
1339 1305 1373 1334 in
1395 1305 1643 1344 praelectionibus
1659 1307 1737 1337 meis

255 1346 373 1376 multos
397 1357 496 1377 annos
509 1347 648 1377 imitatus
673 1358 744 1377 sum
761 1349 943 1387 interpretes
966 1348 1115 1378 doctriuae
1129 1358 1230 1382 sacrae,
1255 1348 1309 1388 qui
1332 1348 1506 1379 edictorum
1527 1354 1615 1379 metu
1634 1350 1736 1380 inmiti

252 1399 319 1420 non
332 1389 366 1420 id
380 1389 501 1424 docent,
516 1390 602 1431 quod
616 1391 740 1421 sibimet
752 1390 825 1430 ipsis
848 1391 956 1429 piacet,
972 1392 1027 1421 sed
1048 1391 1131 1431 quod
1147 1391 1282 1421 ecclesiae
1297 1391 1372 1421 olim
1390 1401 1429 1421 ex
1444 1397 1582 1430 tempore
1604 1392 1737 1430 probau-

254 1431 331 1462 dum
347 1433 561 1471 praescriptum
578 1440 639 1470 est;
663 1444 763 1474 neque
778 1434 901 1472 publice
915 1434 1085 1474 quidquam
1101 1433 1139 1464 de
1155 1433 1401 1464 dubitationibus
1414 1433 1482 1463 istis
1495 1433 1626 1473 prodidi.
1672 1434 1736 1466 Re-

254 1475 345 1513 posui
367 1481 512 1513 praeterea
533 1476 665 1506 subinde
686 1483 717 1506 et
731 1476 859 1511 abolevi,
883 1477 1035 1517 quidquid
1048 1476 1173 1507 illarum
1195 1477 1274 1507 mihi
1296 1482 1483 1511 notaveram,
1509 1476 1535 1506 si
1550 1476 1631 1510 forte
1644 1477 1684 1509 iis
1697 1488 1736 1510 ex

254 1518 407 1549 memoria
421 1525 452 1549 et
465 1519 572 1549 animo
593 1519 703 1558 elapsis
724 1519 892 1551 succedens
914 1519 975 1550 alio
990 1527 1129 1558 tempore
1151 1529 1231 1550 nova
1253 1519 1398 1559 cogitatio
1420 1519 1582 1558 scrupulos
1607 1520 1736 1552 tolleret.

255 1560 360 1590 Semel
386 1560 464 1591 adeo
487 1561 599 1601 puduit
622 1572 672 1591 me
687 1568 717 1592 et
731 1562 840 1592 taeduit
861 1562 952 1601 plane
976 1563 1034 1592 viae
1048 1562 1096 1592 vel
1118 1562 1229 1592 erroris
1250 1562 1321 1597 mei,
1345 1561 1424 1592 lecto
1447 1561 1579 1592 Perraln'
1602 1563 1682 1593 libro
1696 1563 1736 1593 de

255 1603 432 1641 comparat.
448 1610 519 1635 vett.
534 1610 565 1634 et
579 1611 714 1639 recentt„
738 1606 790 1635 ubi
807 1605 846 1635 T.
873 1605 943 1635 ΙΙΙ.
958 1615 986 1644 ρ.
1007 1608 1059 1636 55.
1074 1605 1108 1635 in
1129 1606 1394 1644 contemptionem
1415 1604 1608 1645 antiquitatis
1630 1606 1732 1641 πᾶσι,

254 1645 374 1686 aliquid
385 1646 490 1678 simile
502 1658 522 1678 a
536 1647 672 1688 quodam
694 1648 892 1687 popularium
914 1658 1041 1678 suorum
1056 1654 1303 1679 commentatum
1325 1657 1390 1678 esse
1405 1653 1435 1678 et
1449 1647 1616 1688 aliquando
1630 1649 1735 1688 prodi-

256 1693 371 1718 turum.
416 1689 530 1720 Paullo
551 1696 619 1728 post
641 1691 758 1729 accipio
779 1690 974 1730 opusculum,
999 1690 1083 1730 quod
1105 1691 1158 1720 ille
1179 1691 1363 1725 minabatur,
1387 1690 1530 1725 hominis,
1556 1691 1736 1722 Homerum

252 1732 399 1770 negantis
411 1742 551 1773 unquam
566 1733 669 1768 fuisse,
686 1740 853 1774 utrumque
868 1740 973 1764 autem
988 1736 1130 1771 σωμάτιον
1142 1733 1311 1765 conflatum
1332 1743 1398 1764 esse
1412 1733 1552 1763 docentis
1566 1744 1604 1764 ex
1620 1740 1732 1774 εκμε-

252 1776 314 1806 diis
329 1781 354 1804 el
370 1777 464 1806 variis
474 1778 602 1807 canticis
613 1778 650 1808 de
665 1779 762 1811 trivio,
779 1779 983 1808 mendicorum
994 1783 1022 1807 et
1038 1778 1263 1812 circulatorum,
1280 1776 1300 1805 ὰ
1315 1777 1345 1806 Ia
1367 1776 1501 1807 muniere
1516 1778 1566 1807 des
1582 1779 1730 1809 clzansons

253 1819 295 1846 du
311 1818 485 1858 Ponlnezy‘}
508 1825 618 1848 caetera
632 1819 665 1848 in
680 1819 814 1849 eundem
831 1819 977 1849 modum:
1003 1820 1079 1849 etin
1098 1820 1253 1849 Prooemio
1267 1818 1397 1849 omnino
1417 1818 1495 1848 nihil
1516 1829 1549 1848 se
1559 1829 1597 1848 ex
1616 1820 1734 1850 Graecis

251 1859 351 1890 literis
365 1870 466 1899 operae
479 1862 615 1900 pretium
629 1861 770 1893 diditisse
783 1862 955 1893 confirmat.
1000 1862 1094 1898 Quod
1109 1872 1209 1893 unum
1225 1868 1271 1893 est
1285 1872 1322 1892 ex
1338 1862 1450 1900 paucis,
1466 1861 1500 1892 in
1516 1862 1628 1902 quibus
1642 1861 1734 1895 facite

251 1902 337 1941 apud
351 1913 459 1934 omnes
473 1904 567 1935 fidem
581 1905 732 1935 inveniat:
758 1905 877 1945 reliqua
891 1905 1013 1936 somnia
1035 1912 1108 1935 sunt
1122 1911 1152 1935 et
1168 1905 1385 1935 deliramenta.
1432 1905 1583 1934 Hominis
1594 1904 1733 1945 alioquin

254 1955 319 1974 non
333 1946 455 1976 obscuri
471 1957 570 1987 neque
586 1947 704 1983 insulsi,
721 1947 850 1987 aliisque
865 1948 949 1978 libris
963 1948 1057 1978 etiarn
1074 1949 1107 1977 in
1123 1948 1293 1978 Germania
1307 1947 1382 1982 noti,
1400 1947 1476 1985 (Fr.
1493 1949 1628 1978 Hedelin
1646 1948 1729 1979 Abbe

256 1987 287 2017 d'
315 1990 487 2028 Ambiguae,
489 1994 508 2031 )
524 1990 646 2021 libellus
661 1990 704 2021 ita
717 1991 895 2029 inscriptus:
923 1993 1111 2032 Conjectures
1126 1994 1335 2031 academiques
1350 2002 1389 2021 ou
1417 1991 1502 2021 Diss.
1524 2001 1578 2021 sur
1597 1990 1735 2027 l’Ili'ade,

254 2041 352 2070 quum
367 2031 421 2063 diu
444 2032 584 2064 latuisset
598 2034 682 2072 apud
708 2033 966 2072 Charpeuterium
989 2041 1019 2064 et
1044 2033 1128 2069 alios,
1151 2034 1212 2074 qui,
1241 2035 1393 2063 incertum
1416 2033 1508 2063 amici
1532 2043 1574 2062 an
1589 2039 1730 2064 veterum

254 2083 368 2108 amore,
385 2074 469 2105 illius
484 2075 611 2106 editioni
628 2086 748 2106 moram
764 2078 935 2111 nectebant,
951 2077 1077 2107 tandem
1093 2083 1217 2106 mortuo
1243 2076 1400 2106 Hedelino
1413 2075 1527 2114 prodiit
1548 2076 1620 2106 Par.
1638 2079 1730 2108 1715.

255 2119 285 2146 8.
335 2117 368 2146 Is
382 2117 543 2158 aliquoties
554 2120 633 2148 mihi
644 2119 802 2158 perlectus,
820 2125 854 2149 ut
869 2119 941 2154 dixi,
959 2120 1086 2149 taedium
1103 2119 1207 2149 attulit
1220 2119 1374 2157 opinionis
1388 2129 1475 2153 meae,
1496 2118 1529 2148 in
1545 2119 1634 2159 cujus
1648 2119 1734 2149 simi-

255 2158 421 2190 litudinem
435 2162 592 2200 quandam
607 2162 761 2192 levissima
775 2163 931 2192 temeritas
945 2169 976 2192 et
989 2162 1111 2192 inscitia
1133 2162 1322 2202 antiquitatis
1335 2161 1459 2201 delapsa
1473 2167 1551 2191 esset
1560 2173 1570 2198 ;
1593 2162 1734 2202 serioque

256 2202 333 2240 coepi
349 2202 469 2243 vulgari
485 2205 627 2245 quamvis
641 2205 723 2235 male
739 2206 905 2235 cohaerenti
919 2206 1032 2236 rationi
1055 2211 1239 2245 argumenta
1259 2205 1449 2244 conquirere.
1494 2204 1578 2234 Nam
1600 2214 1641 2234 ne
1662 2205 1732 2235 He-

254 2244 360 2275 delino
375 2246 502 2286 quidem
518 2258 537 2277 a
553 2247 701 2283 Boilavio,
719 2248 854 2278 Dacerio
870 2254 901 2278 et
915 2248 983 2279 aliis
998 2249 1076 2278 bene
1097 2257 1280 2287 responsum
1303 2247 1452 2277 videbam.
1500 2246 1550 2276 Ita
1571 2247 1654 2277 varie
1674 2257 1730 2278 an-

254 2288 349 2321 nisus,
370 2295 404 2317 ut
419 2289 572 2320 historicis
586 2290 820 2321 difficultatibus
840 2291 902 2321 alia
916 2297 1008 2332 atque
1029 2291 1090 2321 alia
1104 2291 1153 2320 via
1175 2300 1376 2325 occurrerem,
1393 2299 1466 2320 mox
1487 2289 1593 2320 denuo
1607 2296 1733 2321 vexatus

254 2329 324 2366 illis,
342 2331 507 2372 denuoque
521 2340 645 2363 coactus
671 2334 786 2369 cedere,
814 2335 955 2364 conscius
969 2334 1046 2365 mihi
1061 2344 1142 2369 sum,
1166 2334 1244 2364 nihil
1267 2343 1318 2363 me
1333 2343 1391 2363 nec
1405 2332 1534 2362 vanitati
1555 2331 1733 2371 cupiditatis

254 2383 312 2403 nec
326 2375 486 2404 sententiae
501 2376 627 2406 novitati
643 2376 815 2412 indulsisse,
833 2383 863 2406 et
878 2387 986 2407 omnes
1001 2377 1170 2407 intendisse
1184 2386 1301 2409 nervos,
1317 2384 1354 2406 ut
1367 2377 1405 2406 ab
1420 2376 1530 2406 erroris
1551 2375 1668 2415 laqueis
1682 2385 1732 2406 ca-

254 2426 366 2446 verem.
411 2417 518 2448 Testes
533 2419 576 2448 rei
591 2420 690 2449 habeo
707 2420 821 2450 multos
836 2420 1037 2450 familiarium
1059 2429 1211 2455 meorum,
1226 2420 1413 2460 quibuscum
1435 2428 1490 2457 per
1504 2419 1560 2448 bos
1576 2419 1733 2457 proximos

252 2469 352 2490 annos
367 2459 502 2491 laborem
519 2471 625 2492 meum
643 2463 879 2497 communicavi,
894 2463 1090 2501 provocando
1104 2473 1155 2493 eos
1169 2463 1208 2492 ad
1218 2461 1422 2502 quau-endum
1439 2471 1555 2495 verum,
1571 2467 1603 2490 et
1613 2462 1728 2496 omnia,

250 2513 322 2542 quae
337 2503 370 2532 in
386 2504 458 2541 ipsis
476 2505 674 2535 Carminibus
689 2506 766 2535 mihi
782 2506 934 2536 adversari
949 2506 1133 2540 viderentur,
1157 2505 1294 2536 studiose
1307 2503 1481 2544 colligenda
1496 2510 1527 2534 et
1548 2504 1606 2533 sub
1628 2514 1731 2535 unum

251 2545 429 2584 adspectum
445 2548 592 2587 cogenda.
638 2549 686 2578 Ac
701 2559 741 2578 ne
755 2558 840 2578 nunc
854 2548 981 2590 quidem
996 2550 1063 2579 haec
1083 2548 1216 2588 disputo,
1234 2554 1269 2578 ut
1283 2549 1427 2588 cuiquam
1449 2546 1660 2585 persuadeam,
1677 2547 1730 2577 cui

252 2598 313 2618 non
330 2590 396 2627 ipsa
422 2599 470 2619 res
486 2590 674 2629 persuadeat,
700 2591 752 2622 sed
769 2598 811 2627 ut,
828 2593 852 2622 si
876 2591 950 2633 quid
966 2591 1131 2622 erraverim
1159 2598 1213 2622 aut
1227 2591 1260 2621 iu
1274 2590 1387 2621 falsum
1412 2589 1602 2624 detorserim,
1620 2590 1732 2620 erroris

249 2632 413 2663 convincar
428 2634 466 2662 ab
481 2633 677 2664 acutioribus.

293 2675 343 2705 Ne
358 2686 429 2707 vero
446 2676 704 2707 Rudbeckianum
721 2677 884 2718 ingenium
899 2677 1038 2708 induisse
1051 2676 1163 2711 videar,
1186 2677 1299 2717 quippe
1320 2676 1374 2716 qui
1390 2675 1438 2705 vel
1460 2675 1492 2705 in
1507 2675 1646 2705 minimis
1668 2675 1731 2706 his-

248 2718 377 2748 toricam
393 2719 551 2750 veritatem
566 2729 683 2750 sacram
699 2730 763 2750 rem
779 2721 891 2751 habere
905 2721 1030 2755 soleam,
1047 2720 1182 2750 duorum
1197 2729 1393 2750 summorum
1416 2718 1581 2748 hominum
1597 2718 1730 2748 auctori-

250 2766 346 2791 tatem
362 2762 471 2793 afferre
487 2771 622 2800 possum,
642 2762 682 2792 Is.
700 2762 875 2794 Casauboni
888 2770 918 2793 ct
935 2764 974 2794 R.
993 2763 1136 2798 Bentleii,
1153 2763 1184 2792 in
1207 2772 1339 2803 quorum
1355 2761 1475 2800 scriptis
1497 2771 1560 2790 non
1582 2760 1730 2801 ambigua

248 2804 377 2844 vestigia
387 2811 506 2836 exstant
520 2805 658 2844 ejusdem
675 2806 838 2843 opinionis.
886 2806 926 2836 In
944 2806 1120 2837 Casauboni
1136 2805 1257 2844 scriptis
1271 2805 1361 2844 plura
1371 2810 1460 2839 sunt;
1479 2803 1614 2834 Bentleii
1626 2813 1729 2834 unum

248 2853 296 2877 est
322 2847 354 2877 in
371 2848 479 2887 primis
501 2848 624 2887 insigne
647 2848 679 2877 in
697 2847 773 2878 libro
798 2848 943 2879 adversus
961 2850 1119 2880 Collinum
1145 2848 1267 2888 anglice
1287 2848 1415 2886 scripto:
1444 2847 1593 2878 Rerum-ks
1612 2857 1691 2886 upon
1705 2858 1726 2876 a

243 2892 302 2921 late
319 2892 484 2922 Discourse
508 2890 546 2931 qs
566 2893 814 2931 free-thinking,
838 2895 870 2922 in
887 2904 903 2921 a
920 2894 1022 2922 Leleer
1037 2898 1065 2922 to
1092 2893 1133 2921 N.
1156 2893 1198 2922 N.
1220 2894 1256 2931 by
1283 2892 1523 2922 Plzileleutherus
1546 2891 1725 2929 Lupsiensae‘a

241 2934 331 2973 cujus
346 2934 479 2973 primam
504 2933 576 2964 edit.
596 2937 684 2965 1713.
700 2940 731 2964 et
757 2935 919 2974 septimam
943 2938 1030 2966 1757.
1047 2945 1110 2974 prae
1133 2933 1232 2965 oculis
1254 2935 1359 2964 habeo.
1408 2934 1449 2963 In
1462 2939 1592 2974 utraque
1613 2933 1725 2963 harum

902 2985 923 3012 4
